day,timestamp,product,bid_price_1,bid_volume_1,bid_price_2,bid_volume_2,bid_price_3,bid_volume_3,ask_price_1,ask_volume_1,ask_price_2,ask_volume_2,ask_price_3,ask_volume_3,mid_price,profit_and_loss,globalTs,spread,microprice,imbalance,tradeCount,totalQty,avgTradePrice,maxTradePrice,minTradePrice
0,0,ASH_COATED_OSMIUM,,,,,,,10013.0,30.0,,,,,10013.0,0.0,0,,,,0.0,0.0,,,
0,100,ASH_COATED_OSMIUM,9995.0,13.0,,,,,10011.0,13.0,10013.0,30.0,,,10003.0,0.0,100,16.0,10003.0,0.0,0.0,0.0,,,
0,200,ASH_COATED_OSMIUM,9994.0,13.0,9992.0,21.0,,,10013.0,21.0,,,,,10003.5,0.0,200,19.0,10001.264705882353,-0.23529411764705882,0.0,0.0,,,
0,300,ASH_COATED_OSMIUM,9994.0,11.0,9992.0,23.0,,,10010.0,11.0,10013.0,23.0,,,10002.0,0.0,300,16.0,10002.0,0.0,0.0,0.0,,,
0,400,ASH_COATED_OSMIUM,9994.0,13.0,9991.0,23.0,,,10010.0,13.0,10012.0,23.0,,,10002.0,0.0,400,16.0,10002.0,0.0,0.0,0.0,,,
0,500,ASH_COATED_OSMIUM,9994.0,12.0,9991.0,22.0,,,10010.0,12.0,10012.0,22.0,,,10002.0,0.0,500,16.0,10002.0,0.0,0.0,0.0,,,
0,600,ASH_COATED_OSMIUM,9991.0,24.0,,,,,10010.0,12.0,,,,,10000.5,0.0,600,19.0,10003.666666666666,0.3333333333333333,0.0,0.0,,,
0,700,ASH_COATED_OSMIUM,9991.0,27.0,,,,,10010.0,10.0,,,,,10000.5,0.0,700,19.0,10004.864864864865,0.4594594594594595,0.0,0.0,,,
0,800,ASH_COATED_OSMIUM,9993.0,11.0,,,,,10012.0,26.0,,,,,10002.5,0.0,800,19.0,9998.648648648648,-0.40540540540540543,0.0,0.0,,,
0,900,ASH_COATED_OSMIUM,9992.0,11.0,9990.0,27.0,,,10008.0,11.0,10011.0,27.0,,,10000.0,0.0,900,16.0,10000.0,0.0,0.0,0.0,,,
0,1000,ASH_COATED_OSMIUM,9993.0,12.0,9990.0,26.0,,,10009.0,12.0,10011.0,26.0,,,10001.0,0.0,1000,16.0,10001.0,0.0,0.0,0.0,,,
0,1100,ASH_COATED_OSMIUM,9993.0,13.0,,,,,,,,,,,9993.0,0.0,1100,,,,0.0,0.0,,,
0,1200,ASH_COATED_OSMIUM,9999.0,2.0,9993.0,14.0,,,,,,,,,9999.0,0.0,1200,,,,0.0,0.0,,,
0,1300,ASH_COATED_OSMIUM,9993.0,11.0,9991.0,27.0,,,10009.0,11.0,10012.0,27.0,,,10001.0,0.0,1300,16.0,10001.0,0.0,0.0,0.0,,,
0,1400,ASH_COATED_OSMIUM,9993.0,12.0,9990.0,24.0,,,10009.0,12.0,10011.0,24.0,,,10001.0,0.0,1400,16.0,10001.0,0.0,0.0,0.0,,,
0,1500,ASH_COATED_OSMIUM,9992.0,14.0,9990.0,20.0,,,10008.0,14.0,10011.0,20.0,,,10000.0,0.0,1500,16.0,10000.0,0.0,0.0,0.0,,,
0,1600,ASH_COATED_OSMIUM,9992.0,12.0,,,,,10011.0,22.0,,,,,10001.5,0.0,1600,19.0,9998.70588235294,-0.29411764705882354,0.0,0.0,,,
0,1700,ASH_COATED_OSMIUM,9992.0,11.0,9990.0,27.0,,,10008.0,11.0,10011.0,27.0,,,10000.0,0.0,1700,16.0,10000.0,0.0,0.0,0.0,,,
0,1800,ASH_COATED_OSMIUM,9997.0,2.0,9992.0,11.0,9989.0,25.0,10008.0,11.0,10010.0,25.0,,,10002.5,0.0,1800,11.0,9998.692307692309,-0.6923076923076923,0.0,0.0,,,
0,1900,ASH_COATED_OSMIUM,9992.0,14.0,9990.0,29.0,,,10008.0,14.0,,,,,10000.0,0.0,1900,16.0,10000.0,0.0,0.0,0.0,,,
0,2000,ASH_COATED_OSMIUM,9993.0,10.0,,,,,10009.0,10.0,10012.0,25.0,,,10001.0,0.0,2000,16.0,10001.0,0.0,0.0,0.0,,,
0,2100,ASH_COATED_OSMIUM,9993.0,13.0,9991.0,23.0,,,,,,,,,9993.0,0.0,2100,,,,0.0,0.0,,,
0,2200,ASH_COATED_OSMIUM,,,,,,,10009.0,15.0,10012.0,30.0,,,10009.0,0.0,2200,,,,0.0,0.0,,,
0,2300,ASH_COATED_OSMIUM,9993.0,11.0,,,,,10009.0,11.0,10012.0,22.0,,,10001.0,0.0,2300,16.0,10001.0,0.0,0.0,0.0,,,
0,2400,ASH_COATED_OSMIUM,9993.0,13.0,9991.0,23.0,,,10009.0,13.0,10012.0,23.0,,,10001.0,0.0,2400,16.0,10001.0,0.0,0.0,0.0,,,
0,2500,ASH_COATED_OSMIUM,9993.0,10.0,9991.0,20.0,,,10012.0,20.0,,,,,10002.5,0.0,2500,19.0,9999.333333333334,-0.3333333333333333,0.0,0.0,,,
0,2600,ASH_COATED_OSMIUM,9993.0,10.0,,,,,10012.0,25.0,,,,,10002.5,0.0,2600,19.0,9998.42857142857,-0.42857142857142855,0.0,0.0,,,
0,2700,ASH_COATED_OSMIUM,9993.0,10.0,9991.0,24.0,,,10009.0,10.0,,,,,10001.0,0.0,2700,16.0,10001.0,0.0,0.0,0.0,,,
0,2800,ASH_COATED_OSMIUM,9991.0,29.0,,,,,10009.0,10.0,10012.0,29.0,,,10000.0,0.0,2800,18.0,10004.384615384615,0.48717948717948717,0.0,0.0,,,
0,2900,ASH_COATED_OSMIUM,9993.0,12.0,9991.0,23.0,,,10009.0,12.0,10012.0,23.0,,,10001.0,0.0,2900,16.0,10001.0,0.0,0.0,0.0,,,
0,3000,ASH_COATED_OSMIUM,9993.0,10.0,9991.0,29.0,,,10009.0,10.0,10012.0,29.0,,,10001.0,0.0,3000,16.0,10001.0,0.0,0.0,0.0,,,
0,3100,ASH_COATED_OSMIUM,9991.0,26.0,,,,,10010.0,14.0,,,,,10000.5,0.0,3100,19.0,10003.35,0.3,0.0,0.0,,,
0,3200,ASH_COATED_OSMIUM,9999.0,4.0,9993.0,11.0,,,10009.0,11.0,,,,,10004.0,0.0,3200,10.0,10001.666666666666,-0.4666666666666667,0.0,0.0,,,
0,3300,ASH_COATED_OSMIUM,9993.0,15.0,9991.0,26.0,,,10009.0,15.0,10012.0,26.0,,,10001.0,0.0,3300,16.0,10001.0,0.0,0.0,0.0,,,
0,3400,ASH_COATED_OSMIUM,9991.0,27.0,,,,,10009.0,12.0,10012.0,27.0,,,10000.0,0.0,3400,18.0,10003.461538461539,0.38461538461538464,0.0,0.0,,,
0,3500,ASH_COATED_OSMIUM,9993.0,10.0,,,,,10012.0,28.0,,,,,10002.5,0.0,3500,19.0,9998.0,-0.47368421052631576,0.0,0.0,,,
0,3600,ASH_COATED_OSMIUM,10003.0,5.0,9991.0,21.0,,,10009.0,13.0,10012.0,21.0,,,10006.0,0.0,3600,6.0,10004.666666666666,-0.4444444444444444,0.0,0.0,,,
0,3700,ASH_COATED_OSMIUM,9991.0,29.0,,,,,10009.0,12.0,,,,,10000.0,0.0,3700,18.0,10003.731707317073,0.4146341463414634,0.0,0.0,,,
0,3800,ASH_COATED_OSMIUM,9993.0,14.0,9991.0,29.0,,,10012.0,29.0,,,,,10002.5,0.0,3800,19.0,9999.186046511628,-0.3488372093023256,0.0,0.0,,,
0,3900,ASH_COATED_OSMIUM,9993.0,15.0,9991.0,25.0,,,10009.0,15.0,10012.0,25.0,,,10001.0,0.0,3900,16.0,10001.0,0.0,0.0,0.0,,,
0,4000,ASH_COATED_OSMIUM,9993.0,12.0,9991.0,27.0,,,10009.0,12.0,10012.0,27.0,,,10001.0,0.0,4000,16.0,10001.0,0.0,0.0,0.0,,,
0,4100,ASH_COATED_OSMIUM,9990.0,23.0,,,,,10008.0,14.0,,,,,9999.0,0.0,4100,18.0,10001.18918918919,0.24324324324324326,0.0,0.0,,,
0,4200,ASH_COATED_OSMIUM,9990.0,26.0,,,,,10011.0,26.0,,,,,10000.5,0.0,4200,21.0,10000.5,0.0,0.0,0.0,,,
0,4300,ASH_COATED_OSMIUM,9993.0,13.0,9990.0,29.0,,,10011.0,29.0,,,,,10002.0,0.0,4300,18.0,9998.57142857143,-0.38095238095238093,0.0,0.0,,,
0,4400,ASH_COATED_OSMIUM,9993.0,15.0,9990.0,26.0,,,10011.0,26.0,,,,,10002.0,0.0,4400,18.0,9999.585365853658,-0.2682926829268293,0.0,0.0,,,
0,4500,ASH_COATED_OSMIUM,9993.0,10.0,9990.0,27.0,,,10009.0,10.0,10011.0,27.0,,,10001.0,0.0,4500,16.0,10001.0,0.0,0.0,0.0,,,
0,4600,ASH_COATED_OSMIUM,9993.0,13.0,9990.0,21.0,,,10011.0,21.0,,,,,10002.0,0.0,4600,18.0,9999.882352941177,-0.23529411764705882,0.0,0.0,,,
0,4700,ASH_COATED_OSMIUM,,,,,,,10009.0,10.0,10011.0,26.0,,,10009.0,0.0,4700,,,,0.0,0.0,,,
0,4800,ASH_COATED_OSMIUM,9990.0,24.0,,,,,10009.0,13.0,10011.0,24.0,,,9999.5,0.0,4800,19.0,10002.324324324325,0.2972972972972973,0.0,0.0,,,
0,4900,ASH_COATED_OSMIUM,9993.0,14.0,9990.0,22.0,,,10009.0,14.0,10011.0,22.0,,,10001.0,0.0,4900,16.0,10001.0,0.0,0.0,0.0,,,
0,5000,ASH_COATED_OSMIUM,9992.0,14.0,9990.0,22.0,,,10008.0,14.0,10011.0,22.0,,,10000.0,0.0,5000,16.0,10000.0,0.0,0.0,0.0,,,
0,5100,ASH_COATED_OSMIUM,9993.0,12.0,9990.0,25.0,,,10009.0,12.0,10011.0,25.0,,,10001.0,0.0,5100,16.0,10001.0,0.0,0.0,0.0,,,
0,5200,ASH_COATED_OSMIUM,9993.0,14.0,9990.0,22.0,,,10009.0,14.0,10011.0,22.0,,,10001.0,0.0,5200,16.0,10001.0,0.0,0.0,0.0,,,
0,5300,ASH_COATED_OSMIUM,9993.0,10.0,9990.0,25.0,,,10009.0,10.0,10011.0,25.0,,,10001.0,0.0,5300,16.0,10001.0,0.0,0.0,0.0,,,
0,5400,ASH_COATED_OSMIUM,9993.0,12.0,,,,,10009.0,12.0,10011.0,27.0,,,10001.0,0.0,5400,16.0,10001.0,0.0,0.0,0.0,,,
0,5500,ASH_COATED_OSMIUM,9994.0,10.0,,,,,10010.0,10.0,10012.0,29.0,,,10002.0,0.0,5500,16.0,10002.0,0.0,0.0,0.0,,,
0,5600,ASH_COATED_OSMIUM,9991.0,26.0,,,,,10012.0,26.0,,,,,10001.5,0.0,5600,21.0,10001.5,0.0,0.0,0.0,,,
0,5700,ASH_COATED_OSMIUM,9993.0,11.0,9991.0,23.0,,,10012.0,23.0,,,,,10002.5,0.0,5700,19.0,9999.14705882353,-0.35294117647058826,0.0,0.0,,,
0,5800,ASH_COATED_OSMIUM,9994.0,13.0,9991.0,24.0,,,10010.0,13.0,,,,,10002.0,0.0,5800,16.0,10002.0,0.0,0.0,0.0,,,
0,5900,ASH_COATED_OSMIUM,9993.0,12.0,9991.0,20.0,,,10009.0,12.0,10012.0,20.0,,,10001.0,0.0,5900,16.0,10001.0,0.0,0.0,0.0,,,
0,6000,ASH_COATED_OSMIUM,9993.0,12.0,,,,,10009.0,12.0,10011.0,22.0,,,10001.0,0.0,6000,16.0,10001.0,0.0,0.0,0.0,,,
0,6100,ASH_COATED_OSMIUM,9993.0,11.0,9990.0,24.0,,,10009.0,11.0,10011.0,24.0,,,10001.0,0.0,6100,16.0,10001.0,0.0,0.0,0.0,,,
0,6200,ASH_COATED_OSMIUM,9993.0,13.0,9990.0,29.0,,,10009.0,13.0,10011.0,29.0,,,10001.0,0.0,6200,16.0,10001.0,0.0,0.0,0.0,,,
0,6300,ASH_COATED_OSMIUM,9993.0,12.0,9990.0,25.0,,,10009.0,12.0,10011.0,25.0,,,10001.0,0.0,6300,16.0,10001.0,0.0,1.0,5.0,10009.0,10009.0,10009.0
0,6400,ASH_COATED_OSMIUM,9992.0,11.0,,,,,10008.0,11.0,10010.0,23.0,,,10000.0,0.0,6400,16.0,10000.0,0.0,0.0,0.0,,,
0,6500,ASH_COATED_OSMIUM,9992.0,10.0,9990.0,20.0,,,10008.0,10.0,10011.0,20.0,,,10000.0,0.0,6500,16.0,10000.0,0.0,0.0,0.0,,,
0,6600,ASH_COATED_OSMIUM,10001.0,9.0,9989.0,26.0,,,10008.0,12.0,10010.0,26.0,,,10004.5,0.0,6600,7.0,10004.0,-0.14285714285714285,0.0,0.0,,,
0,6700,ASH_COATED_OSMIUM,9992.0,10.0,9990.0,26.0,,,10008.0,10.0,,,,,10000.0,0.0,6700,16.0,10000.0,0.0,0.0,0.0,,,
0,6800,ASH_COATED_OSMIUM,9992.0,10.0,9990.0,23.0,,,10008.0,10.0,10011.0,23.0,,,10000.0,0.0,6800,16.0,10000.0,0.0,0.0,0.0,,,
0,6900,ASH_COATED_OSMIUM,9992.0,12.0,9990.0,28.0,,,10008.0,12.0,10011.0,28.0,,,10000.0,0.0,6900,16.0,10000.0,0.0,0.0,0.0,,,
0,7000,ASH_COATED_OSMIUM,9992.0,11.0,9990.0,27.0,,,10008.0,11.0,10011.0,27.0,,,10000.0,0.0,7000,16.0,10000.0,0.0,1.0,4.0,10008.0,10008.0,10008.0
0,7100,ASH_COATED_OSMIUM,9992.0,15.0,9990.0,29.0,,,10008.0,15.0,10011.0,29.0,,,10000.0,0.0,7100,16.0,10000.0,0.0,1.0,3.0,10008.0,10008.0,10008.0
0,7200,ASH_COATED_OSMIUM,9993.0,13.0,9990.0,21.0,,,10009.0,13.0,10011.0,21.0,,,10001.0,0.0,7200,16.0,10001.0,0.0,0.0,0.0,,,
0,7300,ASH_COATED_OSMIUM,9992.0,15.0,9990.0,23.0,,,10008.0,15.0,10011.0,23.0,,,10000.0,0.0,7300,16.0,10000.0,0.0,0.0,0.0,,,
0,7400,ASH_COATED_OSMIUM,9990.0,28.0,,,,,10009.0,14.0,10011.0,28.0,,,9999.5,0.0,7400,19.0,10002.666666666666,0.3333333333333333,0.0,0.0,,,
0,7500,ASH_COATED_OSMIUM,9993.0,15.0,9990.0,29.0,,,,,,,,,9993.0,0.0,7500,,,,0.0,0.0,,,
0,7600,ASH_COATED_OSMIUM,9993.0,12.0,9990.0,24.0,,,10009.0,12.0,10011.0,24.0,,,10001.0,0.0,7600,16.0,10001.0,0.0,0.0,0.0,,,
0,7700,ASH_COATED_OSMIUM,9993.0,13.0,9991.0,28.0,,,10009.0,13.0,10012.0,28.0,,,10001.0,0.0,7700,16.0,10001.0,0.0,0.0,0.0,,,
0,7800,ASH_COATED_OSMIUM,9993.0,12.0,9990.0,22.0,,,9998.0,7.0,10009.0,12.0,10011.0,22.0,9995.5,0.0,7800,5.0,9996.157894736842,0.2631578947368421,0.0,0.0,,,
0,7900,ASH_COATED_OSMIUM,9993.0,15.0,9990.0,25.0,,,10011.0,25.0,,,,,10002.0,0.0,7900,18.0,9999.75,-0.25,0.0,0.0,,,
0,8000,ASH_COATED_OSMIUM,10002.0,7.0,9992.0,13.0,9990.0,22.0,10008.0,13.0,,,,,10005.0,0.0,8000,6.0,10004.1,-0.3,0.0,0.0,,,
0,8100,ASH_COATED_OSMIUM,9992.0,14.0,9989.0,22.0,,,10008.0,14.0,,,,,10000.0,0.0,8100,16.0,10000.0,0.0,0.0,0.0,,,
0,8200,ASH_COATED_OSMIUM,9992.0,13.0,9989.0,20.0,,,10008.0,13.0,10010.0,20.0,,,10000.0,0.0,8200,16.0,10000.0,0.0,0.0,0.0,,,
0,8300,ASH_COATED_OSMIUM,9992.0,11.0,9990.0,26.0,,,10008.0,11.0,10011.0,26.0,,,10000.0,0.0,8300,16.0,10000.0,0.0,0.0,0.0,,,
0,8400,ASH_COATED_OSMIUM,9992.0,11.0,9990.0,26.0,,,10008.0,11.0,10011.0,26.0,,,10000.0,0.0,8400,16.0,10000.0,0.0,0.0,0.0,,,
0,8500,ASH_COATED_OSMIUM,9992.0,15.0,,,,,10008.0,15.0,10010.0,30.0,,,10000.0,0.0,8500,16.0,10000.0,0.0,0.0,0.0,,,
0,8600,ASH_COATED_OSMIUM,9989.0,22.0,,,,,10008.0,15.0,10010.0,22.0,,,9998.5,0.0,8600,19.0,10000.297297297297,0.1891891891891892,1.0,5.0,10008.0,10008.0,10008.0
0,8700,ASH_COATED_OSMIUM,9991.0,10.0,,,,,10007.0,10.0,10010.0,29.0,,,9999.0,0.0,8700,16.0,9999.0,0.0,0.0,0.0,,,
0,8800,ASH_COATED_OSMIUM,9991.0,15.0,9989.0,23.0,,,10007.0,15.0,10010.0,23.0,,,9999.0,0.0,8800,16.0,9999.0,0.0,0.0,0.0,,,
0,8900,ASH_COATED_OSMIUM,9992.0,11.0,,,,,10010.0,26.0,,,,,10001.0,0.0,8900,18.0,9997.351351351352,-0.40540540540540543,0.0,0.0,,,
0,9000,ASH_COATED_OSMIUM,9992.0,13.0,9990.0,23.0,,,,,,,,,9992.0,0.0,9000,,,,0.0,0.0,,,
0,9100,ASH_COATED_OSMIUM,9992.0,13.0,9990.0,30.0,,,10008.0,13.0,10011.0,30.0,,,10000.0,0.0,9100,16.0,10000.0,0.0,0.0,0.0,,,
0,9200,ASH_COATED_OSMIUM,9992.0,11.0,9990.0,24.0,,,10011.0,24.0,,,,,10001.5,0.0,9200,19.0,9997.971428571429,-0.37142857142857144,0.0,0.0,,,
0,9300,ASH_COATED_OSMIUM,9992.0,10.0,9989.0,23.0,,,10008.0,10.0,10010.0,23.0,,,10000.0,0.0,9300,16.0,10000.0,0.0,1.0,7.0,9992.0,9992.0,9992.0
0,9400,ASH_COATED_OSMIUM,,,,,,,10008.0,12.0,10011.0,22.0,,,10008.0,0.0,9400,,,,0.0,0.0,,,
0,9500,ASH_COATED_OSMIUM,9992.0,12.0,9990.0,28.0,,,10008.0,12.0,,,,,10000.0,0.0,9500,16.0,10000.0,0.0,0.0,0.0,,,
0,9600,ASH_COATED_OSMIUM,9993.0,15.0,9990.0,20.0,,,10009.0,15.0,,,,,10001.0,0.0,9600,16.0,10001.0,0.0,0.0,0.0,,,
0,9700,ASH_COATED_OSMIUM,9999.0,3.0,9993.0,11.0,9991.0,25.0,10009.0,11.0,10012.0,25.0,,,10004.0,0.0,9700,10.0,10001.142857142857,-0.5714285714285714,1.0,5.0,10009.0,10009.0,10009.0
0,9800,ASH_COATED_OSMIUM,9994.0,10.0,9991.0,21.0,,,10010.0,10.0,10012.0,21.0,,,10002.0,0.0,9800,16.0,10002.0,0.0,0.0,0.0,,,
0,9900,ASH_COATED_OSMIUM,9994.0,13.0,,,,,10010.0,13.0,10013.0,22.0,,,10002.0,0.0,9900,16.0,10002.0,0.0,0.0,0.0,,,
0,10000,ASH_COATED_OSMIUM,9994.0,10.0,9992.0,29.0,,,10010.0,10.0,10013.0,29.0,,,10002.0,0.0,10000,16.0,10002.0,0.0,0.0,0.0,,,
0,10100,ASH_COATED_OSMIUM,9992.0,22.0,,,,,10010.0,13.0,10013.0,22.0,,,10001.0,0.0,10100,18.0,10003.314285714287,0.2571428571428571,0.0,0.0,,,
0,10200,ASH_COATED_OSMIUM,9994.0,15.0,9992.0,23.0,,,10010.0,15.0,10013.0,23.0,,,10002.0,0.0,10200,16.0,10002.0,0.0,0.0,0.0,,,
0,10300,ASH_COATED_OSMIUM,9994.0,11.0,9992.0,20.0,,,10010.0,11.0,,,,,10002.0,0.0,10300,16.0,10002.0,0.0,0.0,0.0,,,
0,10400,ASH_COATED_OSMIUM,9994.0,14.0,9992.0,30.0,,,10013.0,30.0,,,,,10003.5,0.0,10400,19.0,10000.045454545454,-0.36363636363636365,0.0,0.0,,,
0,10500,ASH_COATED_OSMIUM,9994.0,15.0,9992.0,27.0,,,10010.0,15.0,10013.0,27.0,,,10002.0,0.0,10500,16.0,10002.0,0.0,0.0,0.0,,,
0,10600,ASH_COATED_OSMIUM,9994.0,12.0,9992.0,23.0,,,10010.0,12.0,10013.0,23.0,,,10002.0,0.0,10600,16.0,10002.0,0.0,0.0,0.0,,,
0,10700,ASH_COATED_OSMIUM,9994.0,12.0,,,,,10010.0,12.0,,,,,10002.0,0.0,10700,16.0,10002.0,0.0,0.0,0.0,,,
0,10800,ASH_COATED_OSMIUM,9994.0,13.0,9992.0,23.0,,,10010.0,13.0,10013.0,23.0,,,10002.0,0.0,10800,16.0,10002.0,0.0,0.0,0.0,,,
0,10900,ASH_COATED_OSMIUM,9995.0,13.0,9992.0,29.0,,,10011.0,13.0,10013.0,29.0,,,10003.0,0.0,10900,16.0,10003.0,0.0,0.0,0.0,,,
0,11000,ASH_COATED_OSMIUM,,,,,,,10011.0,13.0,10013.0,29.0,,,10011.0,0.0,11000,,,,0.0,0.0,,,
0,11100,ASH_COATED_OSMIUM,9995.0,10.0,9992.0,29.0,,,10011.0,10.0,10013.0,29.0,,,10003.0,0.0,11100,16.0,10003.0,0.0,0.0,0.0,,,
0,11200,ASH_COATED_OSMIUM,9992.0,28.0,,,,,10010.0,14.0,,,,,10001.0,0.0,11200,18.0,10004.0,0.3333333333333333,0.0,0.0,,,
0,11300,ASH_COATED_OSMIUM,9994.0,12.0,9992.0,26.0,,,10010.0,12.0,10013.0,26.0,,,10002.0,0.0,11300,16.0,10002.0,0.0,0.0,0.0,,,
0,11400,ASH_COATED_OSMIUM,9992.0,23.0,,,,,10010.0,13.0,10013.0,23.0,,,10001.0,0.0,11400,18.0,10003.5,0.2777777777777778,0.0,0.0,,,
0,11500,ASH_COATED_OSMIUM,9994.0,12.0,9992.0,28.0,,,10010.0,12.0,10013.0,28.0,,,10002.0,0.0,11500,16.0,10002.0,0.0,0.0,0.0,,,
0,11600,ASH_COATED_OSMIUM,9994.0,13.0,,,,,10010.0,13.0,10013.0,26.0,,,10002.0,0.0,11600,16.0,10002.0,0.0,0.0,0.0,,,
0,11700,ASH_COATED_OSMIUM,9992.0,21.0,,,,,10010.0,10.0,10013.0,21.0,,,10001.0,0.0,11700,18.0,10004.193548387097,0.3548387096774194,0.0,0.0,,,
0,11800,ASH_COATED_OSMIUM,9994.0,10.0,,,,,10010.0,10.0,10012.0,21.0,,,10002.0,0.0,11800,16.0,10002.0,0.0,0.0,0.0,,,
0,11900,ASH_COATED_OSMIUM,9994.0,12.0,9992.0,25.0,,,10010.0,12.0,,,,,10002.0,0.0,11900,16.0,10002.0,0.0,0.0,0.0,,,
0,12000,ASH_COATED_OSMIUM,9992.0,25.0,,,,,10010.0,15.0,10013.0,25.0,,,10001.0,0.0,12000,18.0,10003.25,0.25,0.0,0.0,,,
0,12100,ASH_COATED_OSMIUM,9994.0,12.0,,,,,10013.0,20.0,,,,,10003.5,0.0,12100,19.0,10001.125,-0.25,0.0,0.0,,,
0,12200,ASH_COATED_OSMIUM,9994.0,12.0,,,,,,,,,,,9994.0,0.0,12200,,,,0.0,0.0,,,
0,12300,ASH_COATED_OSMIUM,9994.0,10.0,9992.0,23.0,,,10013.0,23.0,,,,,10003.5,0.0,12300,19.0,9999.757575757576,-0.3939393939393939,0.0,0.0,,,
0,12400,ASH_COATED_OSMIUM,9995.0,10.0,9992.0,29.0,,,10011.0,10.0,10013.0,29.0,,,10003.0,0.0,12400,16.0,10003.0,0.0,0.0,0.0,,,
0,12500,ASH_COATED_OSMIUM,9995.0,10.0,9992.0,29.0,,,10013.0,29.0,,,,,10004.0,0.0,12500,18.0,9999.615384615385,-0.48717948717948717,1.0,10.0,10013.0,10013.0,10013.0
0,12600,ASH_COATED_OSMIUM,9992.0,30.0,,,,,10011.0,10.0,10013.0,30.0,,,10001.5,0.0,12600,19.0,10006.25,0.5,1.0,9.0,10011.0,10011.0,10011.0
0,12700,ASH_COATED_OSMIUM,9992.0,29.0,,,,,10013.0,29.0,,,,,10002.5,0.0,12700,21.0,10002.5,0.0,0.0,0.0,,,
0,12800,ASH_COATED_OSMIUM,9994.0,15.0,9992.0,30.0,,,10010.0,15.0,10013.0,30.0,,,10002.0,0.0,12800,16.0,10002.0,0.0,0.0,0.0,,,
0,12900,ASH_COATED_OSMIUM,9995.0,14.0,9992.0,24.0,,,10011.0,14.0,10013.0,24.0,,,10003.0,0.0,12900,16.0,10003.0,0.0,0.0,0.0,,,
0,13000,ASH_COATED_OSMIUM,10004.0,9.0,,,,,10013.0,27.0,,,,,10008.5,0.0,13000,9.0,10006.25,-0.5,0.0,0.0,,,
0,13100,ASH_COATED_OSMIUM,9995.0,15.0,9993.0,28.0,,,10011.0,15.0,10014.0,28.0,,,10003.0,0.0,13100,16.0,10003.0,0.0,0.0,0.0,,,
0,13200,ASH_COATED_OSMIUM,9996.0,11.0,,,,,10014.0,28.0,,,,,10005.0,0.0,13200,18.0,10001.076923076924,-0.4358974358974359,0.0,0.0,,,
0,13300,ASH_COATED_OSMIUM,9995.0,10.0,9993.0,26.0,,,10011.0,10.0,10014.0,26.0,,,10003.0,0.0,13300,16.0,10003.0,0.0,0.0,0.0,,,
0,13400,ASH_COATED_OSMIUM,9995.0,12.0,9992.0,25.0,,,10011.0,12.0,10013.0,25.0,,,10003.0,0.0,13400,16.0,10003.0,0.0,0.0,0.0,,,
0,13500,ASH_COATED_OSMIUM,9995.0,12.0,9993.0,29.0,,,10011.0,12.0,10014.0,29.0,,,10003.0,0.0,13500,16.0,10003.0,0.0,0.0,0.0,,,
0,13600,ASH_COATED_OSMIUM,9995.0,11.0,,,,,10011.0,11.0,10013.0,23.0,,,10003.0,0.0,13600,16.0,10003.0,0.0,0.0,0.0,,,
0,13700,ASH_COATED_OSMIUM,9995.0,13.0,9993.0,28.0,,,10011.0,13.0,10014.0,28.0,,,10003.0,0.0,13700,16.0,10003.0,0.0,0.0,0.0,,,
0,13800,ASH_COATED_OSMIUM,9995.0,14.0,9993.0,24.0,,,10011.0,14.0,10014.0,24.0,,,10003.0,0.0,13800,16.0,10003.0,0.0,0.0,0.0,,,
0,13900,ASH_COATED_OSMIUM,9995.0,10.0,9992.0,20.0,,,10011.0,10.0,,,,,10003.0,0.0,13900,16.0,10003.0,0.0,0.0,0.0,,,
0,14000,ASH_COATED_OSMIUM,9995.0,15.0,9992.0,26.0,,,10011.0,15.0,10013.0,26.0,,,10003.0,0.0,14000,16.0,10003.0,0.0,0.0,0.0,,,
0,14100,ASH_COATED_OSMIUM,9995.0,11.0,9992.0,22.0,,,10011.0,11.0,10013.0,22.0,,,10003.0,0.0,14100,16.0,10003.0,0.0,0.0,0.0,,,
0,14200,ASH_COATED_OSMIUM,9999.0,5.0,9994.0,15.0,9991.0,22.0,10010.0,15.0,,,,,10004.5,0.0,14200,11.0,10001.75,-0.5,0.0,0.0,,,
0,14300,ASH_COATED_OSMIUM,9999.0,3.0,9994.0,10.0,9991.0,28.0,10010.0,10.0,10012.0,28.0,,,10004.5,0.0,14300,11.0,10001.538461538461,-0.5384615384615384,0.0,0.0,,,
0,14400,ASH_COATED_OSMIUM,9991.0,22.0,,,,,10012.0,22.0,,,,,10001.5,0.0,14400,21.0,10001.5,0.0,0.0,0.0,,,
0,14500,ASH_COATED_OSMIUM,9994.0,15.0,9992.0,22.0,,,10013.0,22.0,,,,,10003.5,0.0,14500,19.0,10001.702702702703,-0.1891891891891892,0.0,0.0,,,
0,14600,ASH_COATED_OSMIUM,9994.0,11.0,9992.0,21.0,,,10010.0,11.0,,,,,10002.0,0.0,14600,16.0,10002.0,0.0,0.0,0.0,,,
0,14700,ASH_COATED_OSMIUM,9994.0,11.0,9992.0,24.0,,,,,,,,,9994.0,0.0,14700,,,,0.0,0.0,,,
0,14800,ASH_COATED_OSMIUM,9994.0,15.0,9992.0,21.0,,,10010.0,15.0,10013.0,21.0,,,10002.0,0.0,14800,16.0,10002.0,0.0,0.0,0.0,,,
0,14900,ASH_COATED_OSMIUM,9994.0,15.0,9992.0,28.0,,,10013.0,28.0,,,,,10003.5,0.0,14900,19.0,10000.627906976744,-0.3023255813953488,0.0,0.0,,,
0,15000,ASH_COATED_OSMIUM,9994.0,15.0,9992.0,22.0,,,10010.0,15.0,10013.0,22.0,,,10002.0,0.0,15000,16.0,10002.0,0.0,0.0,0.0,,,
0,15100,ASH_COATED_OSMIUM,9994.0,11.0,9991.0,25.0,,,10010.0,11.0,10012.0,25.0,,,10002.0,0.0,15100,16.0,10002.0,0.0,0.0,0.0,,,
0,15200,ASH_COATED_OSMIUM,9994.0,10.0,9992.0,23.0,,,10010.0,10.0,10013.0,23.0,,,10002.0,0.0,15200,16.0,10002.0,0.0,0.0,0.0,,,
0,15300,ASH_COATED_OSMIUM,,,,,,,10010.0,10.0,10013.0,22.0,,,10010.0,0.0,15300,,,,0.0,0.0,,,
0,15400,ASH_COATED_OSMIUM,9994.0,11.0,9991.0,24.0,,,10010.0,11.0,10012.0,24.0,,,10002.0,0.0,15400,16.0,10002.0,0.0,0.0,0.0,,,
0,15500,ASH_COATED_OSMIUM,9993.0,11.0,9991.0,20.0,,,10009.0,11.0,10012.0,20.0,,,10001.0,0.0,15500,16.0,10001.0,0.0,0.0,0.0,,,
0,15600,ASH_COATED_OSMIUM,9994.0,13.0,9991.0,23.0,,,10010.0,13.0,10012.0,23.0,,,10002.0,0.0,15600,16.0,10002.0,0.0,0.0,0.0,,,
0,15700,ASH_COATED_OSMIUM,9993.0,10.0,9991.0,20.0,,,10009.0,10.0,10012.0,20.0,,,10001.0,0.0,15700,16.0,10001.0,0.0,0.0,0.0,,,
0,15800,ASH_COATED_OSMIUM,9993.0,14.0,,,,,10011.0,24.0,,,,,10002.0,0.0,15800,18.0,9999.631578947368,-0.2631578947368421,0.0,0.0,,,
0,15900,ASH_COATED_OSMIUM,9993.0,10.0,9991.0,27.0,,,10009.0,10.0,10012.0,27.0,,,10001.0,0.0,15900,16.0,10001.0,0.0,0.0,0.0,,,
0,16000,ASH_COATED_OSMIUM,9993.0,11.0,9991.0,25.0,,,,,,,,,9993.0,0.0,16000,,,,0.0,0.0,,,
0,16100,ASH_COATED_OSMIUM,9994.0,12.0,,,,,10010.0,12.0,10012.0,29.0,,,10002.0,0.0,16100,16.0,10002.0,0.0,0.0,0.0,,,
0,16200,ASH_COATED_OSMIUM,9994.0,13.0,,,,,10012.0,21.0,,,,,10003.0,0.0,16200,18.0,10000.882352941177,-0.23529411764705882,0.0,0.0,,,
0,16300,ASH_COATED_OSMIUM,9999.0,3.0,9991.0,29.0,,,10009.0,10.0,10012.0,29.0,,,10004.0,0.0,16300,10.0,10001.307692307691,-0.5384615384615384,0.0,0.0,,,
0,16400,ASH_COATED_OSMIUM,9991.0,22.0,,,,,10009.0,14.0,10012.0,22.0,,,10000.0,0.0,16400,18.0,10002.0,0.2222222222222222,0.0,0.0,,,
0,16500,ASH_COATED_OSMIUM,10002.0,5.0,9993.0,14.0,9990.0,25.0,10009.0,14.0,10011.0,25.0,,,10005.5,0.0,16500,7.0,10003.842105263158,-0.47368421052631576,0.0,0.0,,,
0,16600,ASH_COATED_OSMIUM,9998.0,5.0,9992.0,11.0,9990.0,23.0,10008.0,11.0,10011.0,23.0,,,10003.0,0.0,16600,10.0,10001.125,-0.375,0.0,0.0,,,
0,16700,ASH_COATED_OSMIUM,9992.0,15.0,,,,,10008.0,15.0,10011.0,23.0,,,10000.0,0.0,16700,16.0,10000.0,0.0,0.0,0.0,,,
0,16800,ASH_COATED_OSMIUM,9990.0,30.0,,,,,10008.0,10.0,10011.0,30.0,,,9999.0,0.0,16800,18.0,10003.5,0.5,0.0,0.0,,,
0,16900,ASH_COATED_OSMIUM,9990.0,23.0,,,,,10008.0,11.0,10011.0,23.0,,,9999.0,0.0,16900,18.0,10002.176470588236,0.35294117647058826,0.0,0.0,,,
0,17000,ASH_COATED_OSMIUM,9993.0,11.0,,,,,10009.0,11.0,10012.0,23.0,,,10001.0,0.0,17000,16.0,10001.0,0.0,0.0,0.0,,,
0,17100,ASH_COATED_OSMIUM,9993.0,12.0,9991.0,30.0,,,10012.0,30.0,,,,,10002.5,0.0,17100,19.0,9998.42857142857,-0.42857142857142855,0.0,0.0,,,
0,17200,ASH_COATED_OSMIUM,9993.0,14.0,9991.0,24.0,,,10009.0,14.0,10012.0,24.0,,,10001.0,0.0,17200,16.0,10001.0,0.0,0.0,0.0,,,
0,17300,ASH_COATED_OSMIUM,9993.0,14.0,9991.0,28.0,,,10009.0,14.0,10012.0,28.0,,,10001.0,0.0,17300,16.0,10001.0,0.0,0.0,0.0,,,
0,17400,ASH_COATED_OSMIUM,9999.0,3.0,9994.0,15.0,9991.0,24.0,10010.0,15.0,10012.0,24.0,,,10004.5,0.0,17400,11.0,10000.833333333334,-0.6666666666666666,0.0,0.0,,,
0,17500,ASH_COATED_OSMIUM,9991.0,23.0,,,,,9999.0,7.0,10009.0,11.0,,,9995.0,0.0,17500,8.0,9997.133333333333,0.5333333333333333,0.0,0.0,,,
0,17600,ASH_COATED_OSMIUM,9993.0,11.0,9991.0,27.0,,,,,,,,,9993.0,0.0,17600,,,,0.0,0.0,,,
0,17700,ASH_COATED_OSMIUM,9993.0,13.0,9990.0,23.0,,,10009.0,13.0,10011.0,23.0,,,10001.0,0.0,17700,16.0,10001.0,0.0,1.0,5.0,10009.0,10009.0,10009.0
0,17800,ASH_COATED_OSMIUM,9993.0,14.0,9990.0,23.0,,,10009.0,14.0,10011.0,23.0,,,10001.0,0.0,17800,16.0,10001.0,0.0,0.0,0.0,,,
0,17900,ASH_COATED_OSMIUM,9993.0,15.0,9991.0,29.0,,,,,,,,,9993.0,0.0,17900,,,,0.0,0.0,,,
0,18000,ASH_COATED_OSMIUM,9993.0,14.0,,,,,10009.0,14.0,10012.0,26.0,,,10001.0,0.0,18000,16.0,10001.0,0.0,0.0,0.0,,,
0,18100,ASH_COATED_OSMIUM,9991.0,21.0,,,,,10009.0,13.0,10012.0,21.0,,,10000.0,0.0,18100,18.0,10002.117647058823,0.23529411764705882,0.0,0.0,,,
0,18200,ASH_COATED_OSMIUM,9991.0,23.0,,,,,9999.0,9.0,10009.0,12.0,10012.0,23.0,9995.0,0.0,18200,8.0,9996.75,0.4375,0.0,0.0,,,
0,18300,ASH_COATED_OSMIUM,9993.0,14.0,9991.0,27.0,,,10012.0,27.0,,,,,10002.5,0.0,18300,19.0,9999.487804878048,-0.3170731707317073,0.0,0.0,,,
0,18400,ASH_COATED_OSMIUM,9991.0,29.0,,,,,10010.0,14.0,10012.0,29.0,,,10000.5,0.0,18400,19.0,10003.813953488372,0.3488372093023256,0.0,0.0,,,
0,18500,ASH_COATED_OSMIUM,9994.0,15.0,9991.0,30.0,,,10012.0,30.0,,,,,10003.0,0.0,18500,18.0,10000.0,-0.3333333333333333,0.0,0.0,,,
0,18600,ASH_COATED_OSMIUM,9994.0,13.0,9991.0,30.0,,,10010.0,13.0,10012.0,30.0,,,10002.0,0.0,18600,16.0,10002.0,0.0,0.0,0.0,,,
0,18700,ASH_COATED_OSMIUM,9994.0,12.0,9991.0,25.0,,,10010.0,12.0,10012.0,25.0,,,10002.0,0.0,18700,16.0,10002.0,0.0,0.0,0.0,,,
0,18800,ASH_COATED_OSMIUM,9994.0,10.0,9992.0,22.0,,,10013.0,22.0,,,,,10003.5,0.0,18800,19.0,9999.9375,-0.375,0.0,0.0,,,
0,18900,ASH_COATED_OSMIUM,9994.0,14.0,9991.0,27.0,,,10010.0,14.0,10012.0,27.0,,,10002.0,0.0,18900,16.0,10002.0,0.0,0.0,0.0,,,
0,19000,ASH_COATED_OSMIUM,9994.0,10.0,9991.0,25.0,,,10010.0,10.0,10012.0,25.0,,,10002.0,0.0,19000,16.0,10002.0,0.0,0.0,0.0,,,
0,19100,ASH_COATED_OSMIUM,,,,,,,10010.0,10.0,10012.0,28.0,,,10010.0,0.0,19100,,,,0.0,0.0,,,
0,19200,ASH_COATED_OSMIUM,9993.0,14.0,,,,,10009.0,14.0,10012.0,28.0,,,10001.0,0.0,19200,16.0,10001.0,0.0,0.0,0.0,,,
0,19300,ASH_COATED_OSMIUM,9993.0,10.0,9991.0,30.0,,,10009.0,10.0,10012.0,30.0,,,10001.0,0.0,19300,16.0,10001.0,0.0,0.0,0.0,,,
0,19400,ASH_COATED_OSMIUM,9993.0,15.0,9991.0,20.0,,,10009.0,15.0,10012.0,20.0,,,10001.0,0.0,19400,16.0,10001.0,0.0,0.0,0.0,,,
0,19500,ASH_COATED_OSMIUM,9993.0,11.0,9990.0,20.0,,,10009.0,11.0,,,,,10001.0,0.0,19500,16.0,10001.0,0.0,0.0,0.0,,,
0,19600,ASH_COATED_OSMIUM,9993.0,10.0,9990.0,29.0,,,10009.0,10.0,,,,,10001.0,0.0,19600,16.0,10001.0,0.0,0.0,0.0,,,
0,19700,ASH_COATED_OSMIUM,10002.0,6.0,9993.0,13.0,,,10009.0,13.0,10011.0,24.0,,,10005.5,0.0,19700,7.0,10004.21052631579,-0.3684210526315789,0.0,0.0,,,
0,19800,ASH_COATED_OSMIUM,9993.0,11.0,9990.0,20.0,,,10009.0,11.0,10011.0,20.0,,,10001.0,0.0,19800,16.0,10001.0,0.0,0.0,0.0,,,
0,19900,ASH_COATED_OSMIUM,9993.0,12.0,,,,,10012.0,27.0,,,,,10002.5,0.0,19900,19.0,9998.846153846154,-0.38461538461538464,0.0,0.0,,,
0,20000,ASH_COATED_OSMIUM,9993.0,13.0,9991.0,28.0,,,10009.0,13.0,10012.0,28.0,,,10001.0,0.0,20000,16.0,10001.0,0.0,0.0,0.0,,,
0,20100,ASH_COATED_OSMIUM,9993.0,12.0,9990.0,29.0,,,10009.0,12.0,10011.0,29.0,,,10001.0,0.0,20100,16.0,10001.0,0.0,0.0,0.0,,,
0,20200,ASH_COATED_OSMIUM,9993.0,13.0,9990.0,29.0,,,,,,,,,9993.0,0.0,20200,,,,0.0,0.0,,,
0,20300,ASH_COATED_OSMIUM,9990.0,21.0,,,,,10009.0,15.0,10011.0,21.0,,,9999.5,0.0,20300,19.0,10001.083333333334,0.16666666666666666,0.0,0.0,,,
0,20400,ASH_COATED_OSMIUM,9992.0,10.0,,,,,10008.0,10.0,10011.0,24.0,,,10000.0,0.0,20400,16.0,10000.0,0.0,0.0,0.0,,,
0,20500,ASH_COATED_OSMIUM,9992.0,13.0,9990.0,30.0,,,10008.0,13.0,10011.0,30.0,,,10000.0,0.0,20500,16.0,10000.0,0.0,0.0,0.0,,,
0,20600,ASH_COATED_OSMIUM,9992.0,15.0,9990.0,21.0,,,10008.0,15.0,10011.0,21.0,,,10000.0,0.0,20600,16.0,10000.0,0.0,0.0,0.0,,,
0,20700,ASH_COATED_OSMIUM,9990.0,30.0,,,,,10008.0,12.0,10011.0,30.0,,,9999.0,0.0,20700,18.0,10002.857142857143,0.42857142857142855,0.0,0.0,,,
0,20800,ASH_COATED_OSMIUM,9992.0,15.0,9990.0,23.0,,,10008.0,15.0,10011.0,23.0,,,10000.0,0.0,20800,16.0,10000.0,0.0,0.0,0.0,,,
0,20900,ASH_COATED_OSMIUM,9992.0,11.0,9990.0,23.0,,,10011.0,23.0,,,,,10001.5,0.0,20900,19.0,9998.14705882353,-0.35294117647058826,0.0,0.0,,,
0,21000,ASH_COATED_OSMIUM,9993.0,11.0,9990.0,27.0,,,10009.0,11.0,10011.0,27.0,,,10001.0,0.0,21000,16.0,10001.0,0.0,0.0,0.0,,,
0,21100,ASH_COATED_OSMIUM,9992.0,11.0,9990.0,28.0,,,10008.0,11.0,10011.0,28.0,,,10000.0,0.0,21100,16.0,10000.0,0.0,0.0,0.0,,,
0,21200,ASH_COATED_OSMIUM,,,,,,,10008.0,12.0,10011.0,23.0,,,10008.0,0.0,21200,,,,1.0,10.0,10008.0,10008.0,10008.0
0,21300,ASH_COATED_OSMIUM,9993.0,12.0,9990.0,29.0,,,10009.0,12.0,10011.0,29.0,,,10001.0,0.0,21300,16.0,10001.0,0.0,0.0,0.0,,,
0,21400,ASH_COATED_OSMIUM,9992.0,13.0,9990.0,30.0,,,9998.0,9.0,10008.0,13.0,10011.0,30.0,9995.0,0.0,21400,6.0,9995.545454545454,0.18181818181818182,0.0,0.0,,,
0,21500,ASH_COATED_OSMIUM,9993.0,10.0,9990.0,22.0,,,10009.0,10.0,10011.0,22.0,,,10001.0,0.0,21500,16.0,10001.0,0.0,0.0,0.0,,,
0,21600,ASH_COATED_OSMIUM,9993.0,14.0,9990.0,29.0,,,9998.0,9.0,10011.0,29.0,,,9995.5,0.0,21600,5.0,9996.04347826087,0.21739130434782608,0.0,0.0,,,
0,21700,ASH_COATED_OSMIUM,9993.0,15.0,9990.0,30.0,,,10009.0,15.0,10011.0,30.0,,,10001.0,0.0,21700,16.0,10001.0,0.0,0.0,0.0,,,
0,21800,ASH_COATED_OSMIUM,9993.0,11.0,9991.0,28.0,,,10009.0,11.0,10012.0,28.0,,,10001.0,0.0,21800,16.0,10001.0,0.0,0.0,0.0,,,
0,21900,ASH_COATED_OSMIUM,9991.0,28.0,,,,,10009.0,11.0,,,,,10000.0,0.0,21900,18.0,10003.923076923076,0.4358974358974359,0.0,0.0,,,
0,22000,ASH_COATED_OSMIUM,9993.0,14.0,9991.0,23.0,,,10009.0,14.0,,,,,10001.0,0.0,22000,16.0,10001.0,0.0,1.0,5.0,9993.0,9993.0,9993.0
0,22100,ASH_COATED_OSMIUM,9993.0,10.0,9991.0,23.0,,,10009.0,10.0,10012.0,23.0,,,10001.0,0.0,22100,16.0,10001.0,0.0,0.0,0.0,,,
0,22200,ASH_COATED_OSMIUM,9994.0,11.0,9991.0,27.0,,,10010.0,11.0,10012.0,27.0,,,10002.0,0.0,22200,16.0,10002.0,0.0,0.0,0.0,,,
0,22300,ASH_COATED_OSMIUM,9994.0,10.0,9991.0,29.0,,,10010.0,10.0,10012.0,29.0,,,10002.0,0.0,22300,16.0,10002.0,0.0,0.0,0.0,,,
0,22400,ASH_COATED_OSMIUM,9993.0,15.0,9991.0,24.0,,,10009.0,15.0,10012.0,24.0,,,10001.0,0.0,22400,16.0,10001.0,0.0,0.0,0.0,,,
0,22500,ASH_COATED_OSMIUM,9994.0,10.0,9991.0,27.0,,,10010.0,10.0,10012.0,27.0,,,10002.0,0.0,22500,16.0,10002.0,0.0,0.0,0.0,,,
0,22600,ASH_COATED_OSMIUM,9994.0,11.0,9992.0,26.0,,,10013.0,26.0,,,,,10003.5,0.0,22600,19.0,9999.648648648648,-0.40540540540540543,0.0,0.0,,,
0,22700,ASH_COATED_OSMIUM,9994.0,10.0,9991.0,28.0,,,,,,,,,9994.0,0.0,22700,,,,1.0,9.0,9994.0,9994.0,9994.0
0,22800,ASH_COATED_OSMIUM,9993.0,13.0,,,,,10012.0,29.0,,,,,10002.5,0.0,22800,19.0,9998.880952380952,-0.38095238095238093,0.0,0.0,,,
0,22900,ASH_COATED_OSMIUM,9993.0,15.0,9991.0,24.0,,,10009.0,15.0,10012.0,24.0,,,10001.0,0.0,22900,16.0,10001.0,0.0,0.0,0.0,,,
0,23000,ASH_COATED_OSMIUM,9993.0,10.0,9991.0,24.0,,,10012.0,24.0,,,,,10002.5,0.0,23000,19.0,9998.588235294117,-0.4117647058823529,0.0,0.0,,,
0,23100,ASH_COATED_OSMIUM,9993.0,12.0,,,,,10009.0,12.0,10012.0,23.0,,,10001.0,0.0,23100,16.0,10001.0,0.0,0.0,0.0,,,
0,23200,ASH_COATED_OSMIUM,9993.0,12.0,9990.0,26.0,,,10009.0,12.0,10011.0,26.0,,,10001.0,0.0,23200,16.0,10001.0,0.0,1.0,6.0,9993.0,9993.0,9993.0
0,23300,ASH_COATED_OSMIUM,9992.0,11.0,,,,,10011.0,22.0,,,,,10001.5,0.0,23300,19.0,9998.333333333334,-0.3333333333333333,0.0,0.0,,,
0,23400,ASH_COATED_OSMIUM,9993.0,15.0,,,,,10009.0,15.0,,,,,10001.0,0.0,23400,16.0,10001.0,0.0,0.0,0.0,,,
0,23500,ASH_COATED_OSMIUM,9998.0,2.0,9993.0,14.0,9990.0,26.0,10009.0,14.0,10011.0,26.0,,,10003.5,0.0,23500,11.0,9999.375,-0.75,0.0,0.0,,,
0,23600,ASH_COATED_OSMIUM,9990.0,21.0,,,,,10002.0,2.0,10009.0,13.0,10011.0,21.0,9996.0,0.0,23600,12.0,10000.95652173913,0.8260869565217391,1.0,6.0,9990.0,9990.0,9990.0
0,23700,ASH_COATED_OSMIUM,9992.0,11.0,9990.0,24.0,,,10008.0,11.0,10011.0,24.0,,,10000.0,0.0,23700,16.0,10000.0,0.0,0.0,0.0,,,
0,23800,ASH_COATED_OSMIUM,,,,,,,10008.0,10.0,10011.0,21.0,,,10008.0,0.0,23800,,,,0.0,0.0,,,
0,23900,ASH_COATED_OSMIUM,,,,,,,10002.0,4.0,10009.0,14.0,,,10002.0,0.0,23900,,,,0.0,0.0,,,
0,24000,ASH_COATED_OSMIUM,9998.0,3.0,9993.0,14.0,9990.0,22.0,10009.0,14.0,,,,,10003.5,0.0,24000,11.0,9999.941176470587,-0.6470588235294118,0.0,0.0,,,
0,24100,ASH_COATED_OSMIUM,9990.0,24.0,,,,,9998.0,5.0,10011.0,24.0,,,9994.0,0.0,24100,8.0,9996.620689655172,0.6551724137931034,0.0,0.0,,,
0,24200,ASH_COATED_OSMIUM,9992.0,11.0,9990.0,25.0,,,10008.0,11.0,10011.0,25.0,,,10000.0,0.0,24200,16.0,10000.0,0.0,0.0,0.0,,,
0,24300,ASH_COATED_OSMIUM,9993.0,13.0,9990.0,21.0,,,10009.0,13.0,10011.0,21.0,,,10001.0,0.0,24300,16.0,10001.0,0.0,0.0,0.0,,,
0,24400,ASH_COATED_OSMIUM,9992.0,13.0,9990.0,25.0,,,10008.0,13.0,10011.0,25.0,,,10000.0,0.0,24400,16.0,10000.0,0.0,0.0,0.0,,,
0,24500,ASH_COATED_OSMIUM,9992.0,14.0,9990.0,21.0,,,10008.0,14.0,10011.0,21.0,,,10000.0,0.0,24500,16.0,10000.0,0.0,0.0,0.0,,,
0,24600,ASH_COATED_OSMIUM,9992.0,14.0,9990.0,26.0,,,10008.0,14.0,,,,,10000.0,0.0,24600,16.0,10000.0,0.0,1.0,5.0,10008.0,10008.0,10008.0
0,24700,ASH_COATED_OSMIUM,9993.0,14.0,9990.0,20.0,,,10009.0,14.0,10011.0,20.0,,,10001.0,0.0,24700,16.0,10001.0,0.0,0.0,0.0,,,
0,24800,ASH_COATED_OSMIUM,9993.0,13.0,,,,,10009.0,13.0,10011.0,26.0,,,10001.0,0.0,24800,16.0,10001.0,0.0,0.0,0.0,,,
0,24900,ASH_COATED_OSMIUM,9990.0,28.0,,,,,10009.0,12.0,10011.0,28.0,,,9999.5,0.0,24900,19.0,10003.3,0.4,0.0,0.0,,,
0,25000,ASH_COATED_OSMIUM,9993.0,10.0,9990.0,26.0,,,10009.0,10.0,10011.0,26.0,,,10001.0,0.0,25000,16.0,10001.0,0.0,0.0,0.0,,,
0,25100,ASH_COATED_OSMIUM,9991.0,23.0,,,,,10009.0,10.0,10012.0,23.0,,,10000.0,0.0,25100,18.0,10003.545454545454,0.3939393939393939,0.0,0.0,,,
0,25200,ASH_COATED_OSMIUM,9993.0,10.0,9990.0,24.0,,,10009.0,10.0,10011.0,24.0,,,10001.0,0.0,25200,16.0,10001.0,0.0,0.0,0.0,,,
0,25300,ASH_COATED_OSMIUM,9993.0,10.0,,,,,10009.0,10.0,10011.0,24.0,,,10001.0,0.0,25300,16.0,10001.0,0.0,0.0,0.0,,,
0,25400,ASH_COATED_OSMIUM,9993.0,13.0,9990.0,30.0,,,10009.0,13.0,10011.0,30.0,,,10001.0,0.0,25400,16.0,10001.0,0.0,0.0,0.0,,,
0,25500,ASH_COATED_OSMIUM,9993.0,12.0,9990.0,23.0,,,10009.0,12.0,10011.0,23.0,,,10001.0,0.0,25500,16.0,10001.0,0.0,0.0,0.0,,,
0,25600,ASH_COATED_OSMIUM,9990.0,30.0,,,,,10009.0,15.0,10011.0,30.0,,,9999.5,0.0,25600,19.0,10002.666666666666,0.3333333333333333,0.0,0.0,,,
0,25700,ASH_COATED_OSMIUM,9993.0,15.0,,,,,10009.0,15.0,10011.0,22.0,,,10001.0,0.0,25700,16.0,10001.0,0.0,0.0,0.0,,,
0,25800,ASH_COATED_OSMIUM,9992.0,10.0,9990.0,27.0,,,10011.0,27.0,,,,,10001.5,0.0,25800,19.0,9997.135135135135,-0.4594594594594595,0.0,0.0,,,
0,25900,ASH_COATED_OSMIUM,9990.0,28.0,,,,,10009.0,13.0,10011.0,28.0,,,9999.5,0.0,25900,19.0,10002.975609756097,0.36585365853658536,0.0,0.0,,,
0,26000,ASH_COATED_OSMIUM,9993.0,15.0,9990.0,24.0,,,10009.0,15.0,10011.0,24.0,,,10001.0,0.0,26000,16.0,10001.0,0.0,0.0,0.0,,,
0,26100,ASH_COATED_OSMIUM,9993.0,10.0,,,,,10009.0,10.0,10011.0,25.0,,,10001.0,0.0,26100,16.0,10001.0,0.0,0.0,0.0,,,
0,26200,ASH_COATED_OSMIUM,9993.0,11.0,,,,,10009.0,11.0,10012.0,25.0,,,10001.0,0.0,26200,16.0,10001.0,0.0,0.0,0.0,,,
0,26300,ASH_COATED_OSMIUM,9999.0,5.0,9993.0,10.0,9991.0,24.0,10012.0,24.0,,,,,10005.5,0.0,26300,13.0,10001.241379310344,-0.6551724137931034,0.0,0.0,,,
0,26400,ASH_COATED_OSMIUM,9999.0,5.0,9994.0,12.0,9991.0,29.0,10010.0,12.0,10012.0,29.0,,,10004.5,0.0,26400,11.0,10002.235294117647,-0.4117647058823529,0.0,0.0,,,
0,26500,ASH_COATED_OSMIUM,9991.0,23.0,,,,,10010.0,14.0,10012.0,23.0,,,10000.5,0.0,26500,19.0,10002.81081081081,0.24324324324324326,0.0,0.0,,,
0,26600,ASH_COATED_OSMIUM,9994.0,11.0,9992.0,21.0,,,10013.0,21.0,,,,,10003.5,0.0,26600,19.0,10000.53125,-0.3125,0.0,0.0,,,
0,26700,ASH_COATED_OSMIUM,9994.0,14.0,,,,,10010.0,14.0,10013.0,24.0,,,10002.0,0.0,26700,16.0,10002.0,0.0,0.0,0.0,,,
0,26800,ASH_COATED_OSMIUM,9991.0,24.0,,,,,10010.0,11.0,10012.0,24.0,,,10000.5,0.0,26800,19.0,10004.028571428571,0.37142857142857144,0.0,0.0,,,
0,26900,ASH_COATED_OSMIUM,10003.0,9.0,9993.0,15.0,,,10009.0,15.0,10012.0,27.0,,,10006.0,0.0,26900,6.0,10005.25,-0.25,0.0,0.0,,,
0,27000,ASH_COATED_OSMIUM,,,,,,,10011.0,30.0,,,,,10011.0,0.0,27000,,,,0.0,0.0,,,
0,27100,ASH_COATED_OSMIUM,9991.0,22.0,,,,,10012.0,22.0,,,,,10001.5,0.0,27100,21.0,10001.5,0.0,0.0,0.0,,,
0,27200,ASH_COATED_OSMIUM,9993.0,13.0,9990.0,29.0,,,10009.0,13.0,10011.0,29.0,,,10001.0,0.0,27200,16.0,10001.0,0.0,0.0,0.0,,,
0,27300,ASH_COATED_OSMIUM,9993.0,14.0,9990.0,25.0,,,10009.0,14.0,,,,,10001.0,0.0,27300,16.0,10001.0,0.0,0.0,0.0,,,
0,27400,ASH_COATED_OSMIUM,9993.0,11.0,9991.0,24.0,,,10009.0,11.0,10012.0,24.0,,,10001.0,0.0,27400,16.0,10001.0,0.0,0.0,0.0,,,
0,27500,ASH_COATED_OSMIUM,9993.0,15.0,9991.0,24.0,,,10009.0,15.0,10012.0,24.0,,,10001.0,0.0,27500,16.0,10001.0,0.0,0.0,0.0,,,
0,27600,ASH_COATED_OSMIUM,9993.0,15.0,9991.0,22.0,,,10009.0,15.0,10012.0,22.0,,,10001.0,0.0,27600,16.0,10001.0,0.0,0.0,0.0,,,
0,27700,ASH_COATED_OSMIUM,9993.0,12.0,9991.0,24.0,,,10012.0,24.0,,,,,10002.5,0.0,27700,19.0,9999.333333333334,-0.3333333333333333,0.0,0.0,,,
0,27800,ASH_COATED_OSMIUM,9990.0,28.0,,,,,10008.0,10.0,10011.0,28.0,,,9999.0,0.0,27800,18.0,10003.263157894737,0.47368421052631576,0.0,0.0,,,
0,27900,ASH_COATED_OSMIUM,9992.0,14.0,9990.0,25.0,,,10008.0,14.0,,,,,10000.0,0.0,27900,16.0,10000.0,0.0,0.0,0.0,,,
0,28000,ASH_COATED_OSMIUM,9992.0,15.0,9990.0,24.0,,,10008.0,15.0,,,,,10000.0,0.0,28000,16.0,10000.0,0.0,0.0,0.0,,,
0,28100,ASH_COATED_OSMIUM,9989.0,22.0,,,,,10008.0,14.0,,,,,9998.5,0.0,28100,19.0,10000.611111111111,0.2222222222222222,0.0,0.0,,,
0,28200,ASH_COATED_OSMIUM,9993.0,11.0,9990.0,29.0,,,10011.0,29.0,,,,,10002.0,0.0,28200,18.0,9997.95,-0.45,0.0,0.0,,,
0,28300,ASH_COATED_OSMIUM,9993.0,11.0,9990.0,23.0,,,10009.0,11.0,10011.0,23.0,,,10001.0,0.0,28300,16.0,10001.0,0.0,0.0,0.0,,,
0,28400,ASH_COATED_OSMIUM,9990.0,21.0,,,,,10009.0,14.0,,,,,9999.5,0.0,28400,19.0,10001.4,0.2,0.0,0.0,,,
0,28500,ASH_COATED_OSMIUM,9993.0,10.0,,,,,10009.0,10.0,10011.0,30.0,,,10001.0,0.0,28500,16.0,10001.0,0.0,0.0,0.0,,,
0,28600,ASH_COATED_OSMIUM,9993.0,12.0,9990.0,29.0,,,10009.0,12.0,10011.0,29.0,,,10001.0,0.0,28600,16.0,10001.0,0.0,0.0,0.0,,,
0,28700,ASH_COATED_OSMIUM,9994.0,13.0,9991.0,24.0,,,10012.0,24.0,,,,,10003.0,0.0,28700,18.0,10000.324324324325,-0.2972972972972973,0.0,0.0,,,
0,28800,ASH_COATED_OSMIUM,9993.0,10.0,9991.0,20.0,,,10009.0,10.0,10012.0,20.0,,,10001.0,0.0,28800,16.0,10001.0,0.0,0.0,0.0,,,
0,28900,ASH_COATED_OSMIUM,,,,,,,10009.0,14.0,10012.0,22.0,,,10009.0,0.0,28900,,,,0.0,0.0,,,
0,29000,ASH_COATED_OSMIUM,9991.0,24.0,,,,,10009.0,15.0,,,,,10000.0,0.0,29000,18.0,10002.076923076924,0.23076923076923078,0.0,0.0,,,
0,29100,ASH_COATED_OSMIUM,9993.0,11.0,9990.0,29.0,,,10009.0,11.0,10011.0,29.0,,,10001.0,0.0,29100,16.0,10001.0,0.0,0.0,0.0,,,
0,29200,ASH_COATED_OSMIUM,9990.0,20.0,,,,,10002.0,2.0,10009.0,13.0,,,9996.0,0.0,29200,12.0,10000.90909090909,0.8181818181818182,0.0,0.0,,,
0,29300,ASH_COATED_OSMIUM,9993.0,11.0,9990.0,25.0,,,10009.0,11.0,10011.0,25.0,,,10001.0,0.0,29300,16.0,10001.0,0.0,0.0,0.0,,,
0,29400,ASH_COATED_OSMIUM,9993.0,11.0,9990.0,23.0,,,10009.0,11.0,,,,,10001.0,0.0,29400,16.0,10001.0,0.0,0.0,0.0,,,
0,29500,ASH_COATED_OSMIUM,9993.0,14.0,9990.0,22.0,,,10009.0,14.0,10011.0,22.0,,,10001.0,0.0,29500,16.0,10001.0,0.0,0.0,0.0,,,
0,29600,ASH_COATED_OSMIUM,9993.0,11.0,9990.0,20.0,,,10009.0,11.0,,,,,10001.0,0.0,29600,16.0,10001.0,0.0,0.0,0.0,,,
0,29700,ASH_COATED_OSMIUM,,,,,,,10008.0,14.0,10011.0,26.0,,,10008.0,0.0,29700,,,,0.0,0.0,,,
0,29800,ASH_COATED_OSMIUM,9993.0,10.0,,,,,10011.0,29.0,,,,,10002.0,0.0,29800,18.0,9997.615384615385,-0.48717948717948717,0.0,0.0,,,
0,29900,ASH_COATED_OSMIUM,9993.0,11.0,,,,,10011.0,26.0,,,,,10002.0,0.0,29900,18.0,9998.351351351352,-0.40540540540540543,0.0,0.0,,,
0,30000,ASH_COATED_OSMIUM,,,,,,,10009.0,10.0,,,,,10009.0,0.0,30000,,,,0.0,0.0,,,
0,30100,ASH_COATED_OSMIUM,9993.0,10.0,9991.0,22.0,,,10009.0,10.0,10012.0,22.0,,,10001.0,0.0,30100,16.0,10001.0,0.0,1.0,5.0,10009.0,10009.0,10009.0
0,30200,ASH_COATED_OSMIUM,9991.0,22.0,,,,,10009.0,15.0,10012.0,22.0,,,10000.0,0.0,30200,18.0,10001.702702702703,0.1891891891891892,0.0,0.0,,,
0,30300,ASH_COATED_OSMIUM,,,,,,,10009.0,11.0,10012.0,28.0,,,10009.0,0.0,30300,,,,0.0,0.0,,,
0,30400,ASH_COATED_OSMIUM,9993.0,12.0,9990.0,21.0,,,10009.0,12.0,10011.0,21.0,,,10001.0,0.0,30400,16.0,10001.0,0.0,0.0,0.0,,,
0,30500,ASH_COATED_OSMIUM,9993.0,10.0,9990.0,28.0,,,10011.0,28.0,,,,,10002.0,0.0,30500,18.0,9997.736842105263,-0.47368421052631576,0.0,0.0,,,
0,30600,ASH_COATED_OSMIUM,9993.0,10.0,9990.0,30.0,,,10009.0,10.0,10011.0,30.0,,,10001.0,0.0,30600,16.0,10001.0,0.0,0.0,0.0,,,
0,30700,ASH_COATED_OSMIUM,9993.0,10.0,9990.0,22.0,,,,,,,,,9993.0,0.0,30700,,,,0.0,0.0,,,
0,30800,ASH_COATED_OSMIUM,9990.0,29.0,,,,,10009.0,11.0,10011.0,29.0,,,9999.5,0.0,30800,19.0,10003.775,0.45,0.0,0.0,,,
0,30900,ASH_COATED_OSMIUM,,,,,,,10009.0,14.0,,,,,10009.0,0.0,30900,,,,0.0,0.0,,,
0,31000,ASH_COATED_OSMIUM,9990.0,20.0,,,,,10009.0,13.0,10011.0,20.0,,,9999.5,0.0,31000,19.0,10001.515151515152,0.21212121212121213,0.0,0.0,,,
0,31100,ASH_COATED_OSMIUM,,,,,,,,,,,,,0.0,0.0,31100,,,,0.0,0.0,,,
0,31200,ASH_COATED_OSMIUM,9993.0,14.0,9990.0,27.0,,,9998.0,8.0,10009.0,14.0,10011.0,27.0,9995.5,0.0,31200,5.0,9996.181818181818,0.2727272727272727,0.0,0.0,,,
0,31300,ASH_COATED_OSMIUM,9993.0,13.0,,,,,10009.0,13.0,10011.0,30.0,,,10001.0,0.0,31300,16.0,10001.0,0.0,0.0,0.0,,,
0,31400,ASH_COATED_OSMIUM,9993.0,13.0,9990.0,30.0,,,10009.0,13.0,,,,,10001.0,0.0,31400,16.0,10001.0,0.0,0.0,0.0,,,
0,31500,ASH_COATED_OSMIUM,9993.0,15.0,9990.0,23.0,,,10009.0,15.0,10011.0,23.0,,,10001.0,0.0,31500,16.0,10001.0,0.0,1.0,10.0,9993.0,9993.0,9993.0
0,31600,ASH_COATED_OSMIUM,9993.0,12.0,,,,,10009.0,12.0,10011.0,30.0,,,10001.0,0.0,31600,16.0,10001.0,0.0,0.0,0.0,,,
0,31700,ASH_COATED_OSMIUM,9993.0,14.0,9990.0,29.0,,,10009.0,14.0,,,,,10001.0,0.0,31700,16.0,10001.0,0.0,0.0,0.0,,,
0,31800,ASH_COATED_OSMIUM,9993.0,13.0,9990.0,21.0,,,10009.0,13.0,10011.0,21.0,,,10001.0,0.0,31800,16.0,10001.0,0.0,0.0,0.0,,,
0,31900,ASH_COATED_OSMIUM,9993.0,14.0,,,,,10009.0,14.0,,,,,10001.0,0.0,31900,16.0,10001.0,0.0,0.0,0.0,,,
0,32000,ASH_COATED_OSMIUM,9993.0,14.0,9990.0,29.0,,,10009.0,14.0,10011.0,29.0,,,10001.0,0.0,32000,16.0,10001.0,0.0,0.0,0.0,,,
0,32100,ASH_COATED_OSMIUM,9993.0,13.0,9991.0,30.0,,,10009.0,13.0,10012.0,30.0,,,10001.0,0.0,32100,16.0,10001.0,0.0,0.0,0.0,,,
0,32200,ASH_COATED_OSMIUM,9991.0,25.0,,,,,,,,,,,9991.0,0.0,32200,,,,0.0,0.0,,,
0,32300,ASH_COATED_OSMIUM,9993.0,13.0,9991.0,25.0,,,10012.0,25.0,,,,,10002.5,0.0,32300,19.0,9999.5,-0.3157894736842105,0.0,0.0,,,
0,32400,ASH_COATED_OSMIUM,9991.0,27.0,,,,,10003.0,5.0,10009.0,15.0,10012.0,27.0,9997.0,0.0,32400,12.0,10001.125,0.6875,0.0,0.0,,,
0,32500,ASH_COATED_OSMIUM,9993.0,13.0,,,,,10009.0,13.0,10011.0,23.0,,,10001.0,0.0,32500,16.0,10001.0,0.0,0.0,0.0,,,
0,32600,ASH_COATED_OSMIUM,9993.0,10.0,,,,,10009.0,10.0,10011.0,30.0,,,10001.0,0.0,32600,16.0,10001.0,0.0,0.0,0.0,,,
0,32700,ASH_COATED_OSMIUM,9992.0,10.0,9990.0,26.0,,,10008.0,10.0,10011.0,26.0,,,10000.0,0.0,32700,16.0,10000.0,0.0,0.0,0.0,,,
0,32800,ASH_COATED_OSMIUM,10002.0,6.0,,,,,10008.0,14.0,10011.0,23.0,,,10005.0,0.0,32800,6.0,10003.8,-0.4,0.0,0.0,,,
0,32900,ASH_COATED_OSMIUM,9992.0,10.0,9990.0,23.0,,,10008.0,10.0,10011.0,23.0,,,10000.0,0.0,32900,16.0,10000.0,0.0,0.0,0.0,,,
0,33000,ASH_COATED_OSMIUM,9992.0,12.0,9990.0,27.0,,,10008.0,12.0,10011.0,27.0,,,10000.0,0.0,33000,16.0,10000.0,0.0,0.0,0.0,,,
0,33100,ASH_COATED_OSMIUM,9990.0,24.0,,,,,10008.0,12.0,10011.0,24.0,,,9999.0,0.0,33100,18.0,10002.0,0.3333333333333333,0.0,0.0,,,
0,33200,ASH_COATED_OSMIUM,9992.0,13.0,9990.0,25.0,,,10008.0,13.0,10011.0,25.0,,,10000.0,0.0,33200,16.0,10000.0,0.0,0.0,0.0,,,
0,33300,ASH_COATED_OSMIUM,9998.0,4.0,9992.0,10.0,9990.0,24.0,10008.0,10.0,,,,,10003.0,0.0,33300,10.0,10000.857142857143,-0.42857142857142855,0.0,0.0,,,
0,33400,ASH_COATED_OSMIUM,9993.0,11.0,9990.0,27.0,,,10009.0,11.0,10011.0,27.0,,,10001.0,0.0,33400,16.0,10001.0,0.0,0.0,0.0,,,
0,33500,ASH_COATED_OSMIUM,9993.0,10.0,9990.0,25.0,,,10009.0,10.0,10011.0,25.0,,,10001.0,0.0,33500,16.0,10001.0,0.0,0.0,0.0,,,
0,33600,ASH_COATED_OSMIUM,9993.0,10.0,,,,,10009.0,10.0,10012.0,27.0,,,10001.0,0.0,33600,16.0,10001.0,0.0,0.0,0.0,,,
0,33700,ASH_COATED_OSMIUM,,,,,,,10012.0,22.0,,,,,10012.0,0.0,33700,,,,0.0,0.0,,,
0,33800,ASH_COATED_OSMIUM,9991.0,26.0,,,,,10010.0,13.0,10012.0,26.0,,,10000.5,0.0,33800,19.0,10003.666666666666,0.3333333333333333,1.0,4.0,10010.0,10010.0,10010.0
0,33900,ASH_COATED_OSMIUM,9992.0,24.0,,,,,10010.0,15.0,10013.0,24.0,,,10001.0,0.0,33900,18.0,10003.076923076924,0.23076923076923078,0.0,0.0,,,
0,34000,ASH_COATED_OSMIUM,9994.0,12.0,9991.0,24.0,,,10010.0,12.0,,,,,10002.0,0.0,34000,16.0,10002.0,0.0,0.0,0.0,,,
0,34100,ASH_COATED_OSMIUM,,,,,,,10010.0,14.0,10012.0,26.0,,,10010.0,0.0,34100,,,,0.0,0.0,,,
0,34200,ASH_COATED_OSMIUM,10002.0,9.0,9993.0,10.0,9990.0,26.0,10009.0,10.0,10011.0,26.0,,,10005.5,0.0,34200,7.0,10005.315789473685,-0.05263157894736842,0.0,0.0,,,
0,34300,ASH_COATED_OSMIUM,9993.0,12.0,9990.0,20.0,,,10011.0,20.0,,,,,10002.0,0.0,34300,18.0,9999.75,-0.25,0.0,0.0,,,
0,34400,ASH_COATED_OSMIUM,9993.0,11.0,,,,,10009.0,11.0,10011.0,23.0,,,10001.0,0.0,34400,16.0,10001.0,0.0,0.0,0.0,,,
0,34500,ASH_COATED_OSMIUM,9993.0,10.0,9991.0,25.0,,,10012.0,25.0,,,,,10002.5,0.0,34500,19.0,9998.42857142857,-0.42857142857142855,0.0,0.0,,,
0,34600,ASH_COATED_OSMIUM,9993.0,11.0,,,,,10009.0,11.0,10012.0,22.0,,,10001.0,0.0,34600,16.0,10001.0,0.0,0.0,0.0,,,
0,34700,ASH_COATED_OSMIUM,9990.0,29.0,,,,,10011.0,29.0,,,,,10000.5,0.0,34700,21.0,10000.5,0.0,0.0,0.0,,,
0,34800,ASH_COATED_OSMIUM,9993.0,15.0,,,,,10009.0,15.0,,,,,10001.0,0.0,34800,16.0,10001.0,0.0,0.0,0.0,,,
0,34900,ASH_COATED_OSMIUM,9993.0,15.0,9991.0,22.0,,,10009.0,15.0,10012.0,22.0,,,10001.0,0.0,34900,16.0,10001.0,0.0,0.0,0.0,,,
0,35000,ASH_COATED_OSMIUM,9993.0,10.0,9990.0,20.0,,,10009.0,10.0,10011.0,20.0,,,10001.0,0.0,35000,16.0,10001.0,0.0,0.0,0.0,,,
0,35100,ASH_COATED_OSMIUM,9993.0,12.0,,,,,10009.0,12.0,10012.0,25.0,,,10001.0,0.0,35100,16.0,10001.0,0.0,1.0,7.0,9993.0,9993.0,9993.0
0,35200,ASH_COATED_OSMIUM,9993.0,11.0,9991.0,24.0,,,10009.0,11.0,10012.0,24.0,,,10001.0,0.0,35200,16.0,10001.0,0.0,0.0,0.0,,,
0,35300,ASH_COATED_OSMIUM,9993.0,15.0,9991.0,24.0,,,10009.0,15.0,10012.0,24.0,,,10001.0,0.0,35300,16.0,10001.0,0.0,0.0,0.0,,,
0,35400,ASH_COATED_OSMIUM,9991.0,22.0,,,,,,,,,,,9991.0,0.0,35400,,,,0.0,0.0,,,
0,35500,ASH_COATED_OSMIUM,9993.0,13.0,,,,,10009.0,13.0,10012.0,25.0,,,10001.0,0.0,35500,16.0,10001.0,0.0,0.0,0.0,,,
0,35600,ASH_COATED_OSMIUM,9993.0,13.0,,,,,10009.0,13.0,10012.0,26.0,,,10001.0,0.0,35600,16.0,10001.0,0.0,0.0,0.0,,,
0,35700,ASH_COATED_OSMIUM,9993.0,15.0,9991.0,26.0,,,10012.0,26.0,,,,,10002.5,0.0,35700,19.0,9999.951219512195,-0.2682926829268293,0.0,0.0,,,
0,35800,ASH_COATED_OSMIUM,9993.0,11.0,,,,,10009.0,11.0,,,,,10001.0,0.0,35800,16.0,10001.0,0.0,0.0,0.0,,,
0,35900,ASH_COATED_OSMIUM,9993.0,15.0,9991.0,29.0,,,,,,,,,9993.0,0.0,35900,,,,0.0,0.0,,,
0,36000,ASH_COATED_OSMIUM,9991.0,28.0,,,,,10009.0,12.0,10012.0,28.0,,,10000.0,0.0,36000,18.0,10003.6,0.4,0.0,0.0,,,
0,36100,ASH_COATED_OSMIUM,9993.0,15.0,9991.0,26.0,,,10009.0,15.0,10012.0,26.0,,,10001.0,0.0,36100,16.0,10001.0,0.0,0.0,0.0,,,
0,36200,ASH_COATED_OSMIUM,9991.0,29.0,,,,,10009.0,10.0,10012.0,29.0,,,10000.0,0.0,36200,18.0,10004.384615384615,0.48717948717948717,0.0,0.0,,,
0,36300,ASH_COATED_OSMIUM,9992.0,11.0,9990.0,22.0,,,10011.0,22.0,,,,,10001.5,0.0,36300,19.0,9998.333333333334,-0.3333333333333333,0.0,0.0,,,
0,36400,ASH_COATED_OSMIUM,9992.0,12.0,9990.0,27.0,,,10011.0,27.0,,,,,10001.5,0.0,36400,19.0,9997.846153846154,-0.38461538461538464,0.0,0.0,,,
0,36500,ASH_COATED_OSMIUM,9992.0,11.0,9989.0,26.0,,,10008.0,11.0,10010.0,26.0,,,10000.0,0.0,36500,16.0,10000.0,0.0,0.0,0.0,,,
0,36600,ASH_COATED_OSMIUM,9992.0,13.0,9989.0,21.0,,,10008.0,13.0,10010.0,21.0,,,10000.0,0.0,36600,16.0,10000.0,0.0,0.0,0.0,,,
0,36700,ASH_COATED_OSMIUM,9992.0,11.0,9989.0,30.0,,,10010.0,30.0,,,,,10001.0,0.0,36700,18.0,9996.829268292682,-0.4634146341463415,0.0,0.0,,,
0,36800,ASH_COATED_OSMIUM,9992.0,12.0,9989.0,26.0,,,10001.0,5.0,10008.0,12.0,10010.0,26.0,9996.5,0.0,36800,9.0,9998.35294117647,0.4117647058823529,0.0,0.0,,,
0,36900,ASH_COATED_OSMIUM,9992.0,11.0,9989.0,29.0,,,10008.0,11.0,10010.0,29.0,,,10000.0,0.0,36900,16.0,10000.0,0.0,0.0,0.0,,,
0,37000,ASH_COATED_OSMIUM,9992.0,13.0,9990.0,23.0,,,10008.0,13.0,,,,,10000.0,0.0,37000,16.0,10000.0,0.0,0.0,0.0,,,
0,37100,ASH_COATED_OSMIUM,9992.0,12.0,,,,,10008.0,12.0,10011.0,23.0,,,10000.0,0.0,37100,16.0,10000.0,0.0,0.0,0.0,,,
0,37200,ASH_COATED_OSMIUM,9992.0,12.0,9989.0,22.0,,,10008.0,12.0,10010.0,22.0,,,10000.0,0.0,37200,16.0,10000.0,0.0,0.0,0.0,,,
0,37300,ASH_COATED_OSMIUM,9992.0,13.0,9989.0,27.0,,,10008.0,13.0,10010.0,27.0,,,10000.0,0.0,37300,16.0,10000.0,0.0,1.0,7.0,10008.0,10008.0,10008.0
0,37400,ASH_COATED_OSMIUM,9992.0,11.0,9990.0,22.0,,,10008.0,11.0,10011.0,22.0,,,10000.0,0.0,37400,16.0,10000.0,0.0,0.0,0.0,,,
0,37500,ASH_COATED_OSMIUM,9992.0,12.0,9990.0,29.0,,,10011.0,29.0,,,,,10001.5,0.0,37500,19.0,9997.560975609756,-0.4146341463414634,0.0,0.0,,,
0,37600,ASH_COATED_OSMIUM,9992.0,15.0,,,,,10011.0,24.0,,,,,10001.5,0.0,37600,19.0,9999.307692307691,-0.23076923076923078,0.0,0.0,,,
0,37700,ASH_COATED_OSMIUM,9993.0,11.0,9990.0,28.0,,,10009.0,11.0,10011.0,28.0,,,10001.0,0.0,37700,16.0,10001.0,0.0,0.0,0.0,,,
0,37800,ASH_COATED_OSMIUM,9993.0,12.0,9991.0,27.0,,,,,,,,,9993.0,0.0,37800,,,,0.0,0.0,,,
0,37900,ASH_COATED_OSMIUM,9992.0,14.0,9990.0,27.0,,,9998.0,9.0,10011.0,27.0,,,9995.0,0.0,37900,6.0,9995.652173913044,0.21739130434782608,0.0,0.0,,,
0,38000,ASH_COATED_OSMIUM,9993.0,12.0,,,,,10009.0,12.0,10011.0,25.0,,,10001.0,0.0,38000,16.0,10001.0,0.0,0.0,0.0,,,
0,38100,ASH_COATED_OSMIUM,9993.0,12.0,9990.0,28.0,,,10009.0,12.0,,,,,10001.0,0.0,38100,16.0,10001.0,0.0,0.0,0.0,,,
0,38200,ASH_COATED_OSMIUM,9993.0,10.0,9990.0,23.0,,,10009.0,10.0,10011.0,23.0,,,10001.0,0.0,38200,16.0,10001.0,0.0,0.0,0.0,,,
0,38300,ASH_COATED_OSMIUM,9993.0,10.0,9990.0,26.0,,,10011.0,26.0,,,,,10002.0,0.0,38300,18.0,9998.0,-0.4444444444444444,0.0,0.0,,,
0,38400,ASH_COATED_OSMIUM,9993.0,13.0,9990.0,21.0,,,10002.0,3.0,10009.0,13.0,10011.0,21.0,9997.5,0.0,38400,9.0,10000.3125,0.625,0.0,0.0,,,
0,38500,ASH_COATED_OSMIUM,9993.0,11.0,,,,,10009.0,11.0,,,,,10001.0,0.0,38500,16.0,10001.0,0.0,0.0,0.0,,,
0,38600,ASH_COATED_OSMIUM,9993.0,14.0,,,,,10009.0,14.0,10011.0,27.0,,,10001.0,0.0,38600,16.0,10001.0,0.0,0.0,0.0,,,
0,38700,ASH_COATED_OSMIUM,9992.0,12.0,9990.0,29.0,,,10008.0,12.0,10011.0,29.0,,,10000.0,0.0,38700,16.0,10000.0,0.0,0.0,0.0,,,
0,38800,ASH_COATED_OSMIUM,10002.0,4.0,9993.0,14.0,9990.0,27.0,10009.0,14.0,10011.0,27.0,,,10005.5,0.0,38800,7.0,10003.555555555555,-0.5555555555555556,0.0,0.0,,,
0,38900,ASH_COATED_OSMIUM,9992.0,15.0,9990.0,25.0,,,10008.0,15.0,10011.0,25.0,,,10000.0,0.0,38900,16.0,10000.0,0.0,0.0,0.0,,,
0,39000,ASH_COATED_OSMIUM,9998.0,4.0,,,,,10011.0,29.0,,,,,10004.5,0.0,39000,13.0,9999.575757575758,-0.7575757575757576,0.0,0.0,,,
0,39100,ASH_COATED_OSMIUM,9993.0,11.0,9990.0,29.0,,,10011.0,29.0,,,,,10002.0,0.0,39100,18.0,9997.95,-0.45,0.0,0.0,,,
0,39200,ASH_COATED_OSMIUM,9993.0,13.0,9990.0,24.0,,,10009.0,13.0,10011.0,24.0,,,10001.0,0.0,39200,16.0,10001.0,0.0,0.0,0.0,,,
0,39300,ASH_COATED_OSMIUM,9993.0,11.0,9990.0,26.0,,,10009.0,11.0,10011.0,26.0,,,10001.0,0.0,39300,16.0,10001.0,0.0,0.0,0.0,,,
0,39400,ASH_COATED_OSMIUM,9990.0,27.0,,,,,10011.0,27.0,,,,,10000.5,0.0,39400,21.0,10000.5,0.0,0.0,0.0,,,
0,39500,ASH_COATED_OSMIUM,9993.0,10.0,9991.0,20.0,,,10009.0,10.0,10012.0,20.0,,,10001.0,0.0,39500,16.0,10001.0,0.0,0.0,0.0,,,
0,39600,ASH_COATED_OSMIUM,9991.0,22.0,,,,,10009.0,11.0,10012.0,22.0,,,10000.0,0.0,39600,18.0,10003.0,0.3333333333333333,0.0,0.0,,,
0,39700,ASH_COATED_OSMIUM,9993.0,11.0,9991.0,20.0,,,10009.0,11.0,,,,,10001.0,0.0,39700,16.0,10001.0,0.0,0.0,0.0,,,
0,39800,ASH_COATED_OSMIUM,9994.0,11.0,9991.0,30.0,,,10012.0,30.0,,,,,10003.0,0.0,39800,18.0,9998.829268292682,-0.4634146341463415,0.0,0.0,,,
0,39900,ASH_COATED_OSMIUM,,,,,,,10010.0,11.0,10012.0,30.0,,,10010.0,0.0,39900,,,,0.0,0.0,,,
0,40000,ASH_COATED_OSMIUM,9993.0,12.0,9991.0,30.0,,,10009.0,12.0,10012.0,30.0,,,10001.0,0.0,40000,16.0,10001.0,0.0,0.0,0.0,,,
0,40100,ASH_COATED_OSMIUM,9994.0,11.0,9991.0,27.0,,,10003.0,2.0,10010.0,11.0,,,9998.5,0.0,40100,9.0,10001.615384615385,0.6923076923076923,0.0,0.0,,,
0,40200,ASH_COATED_OSMIUM,9994.0,13.0,,,,,10010.0,13.0,10012.0,22.0,,,10002.0,0.0,40200,16.0,10002.0,0.0,0.0,0.0,,,
0,40300,ASH_COATED_OSMIUM,9994.0,10.0,9991.0,24.0,,,10012.0,24.0,,,,,10003.0,0.0,40300,18.0,9999.29411764706,-0.4117647058823529,0.0,0.0,,,
0,40400,ASH_COATED_OSMIUM,9991.0,20.0,,,,,10009.0,11.0,10012.0,20.0,,,10000.0,0.0,40400,18.0,10002.612903225807,0.2903225806451613,0.0,0.0,,,
0,40500,ASH_COATED_OSMIUM,9993.0,13.0,9990.0,24.0,,,10009.0,13.0,10011.0,24.0,,,10001.0,0.0,40500,16.0,10001.0,0.0,1.0,8.0,10009.0,10009.0,10009.0
0,40600,ASH_COATED_OSMIUM,9993.0,11.0,9990.0,24.0,,,10009.0,11.0,10011.0,24.0,,,10001.0,0.0,40600,16.0,10001.0,0.0,0.0,0.0,,,
0,40700,ASH_COATED_OSMIUM,9993.0,14.0,,,,,10009.0,14.0,10011.0,24.0,,,10001.0,0.0,40700,16.0,10001.0,0.0,0.0,0.0,,,
0,40800,ASH_COATED_OSMIUM,9998.0,3.0,9993.0,15.0,9990.0,29.0,10009.0,15.0,10011.0,29.0,,,10003.5,0.0,40800,11.0,9999.833333333334,-0.6666666666666666,0.0,0.0,,,
0,40900,ASH_COATED_OSMIUM,9993.0,12.0,9990.0,22.0,,,10009.0,12.0,10011.0,22.0,,,10001.0,0.0,40900,16.0,10001.0,0.0,0.0,0.0,,,
0,41000,ASH_COATED_OSMIUM,9993.0,13.0,9990.0,22.0,,,10009.0,13.0,,,,,10001.0,0.0,41000,16.0,10001.0,0.0,0.0,0.0,,,
0,41100,ASH_COATED_OSMIUM,9993.0,12.0,9990.0,22.0,,,10002.0,2.0,10011.0,22.0,,,9997.5,0.0,41100,9.0,10000.714285714286,0.7142857142857143,1.0,6.0,9993.0,9993.0,9993.0
0,41200,ASH_COATED_OSMIUM,9992.0,10.0,,,,,10008.0,10.0,10011.0,25.0,,,10000.0,0.0,41200,16.0,10000.0,0.0,0.0,0.0,,,
0,41300,ASH_COATED_OSMIUM,9992.0,13.0,,,,,10008.0,13.0,10011.0,20.0,,,10000.0,0.0,41300,16.0,10000.0,0.0,0.0,0.0,,,
0,41400,ASH_COATED_OSMIUM,9993.0,11.0,9990.0,23.0,,,10009.0,11.0,,,,,10001.0,0.0,41400,16.0,10001.0,0.0,0.0,0.0,,,
0,41500,ASH_COATED_OSMIUM,9993.0,15.0,9990.0,30.0,,,10002.0,2.0,10009.0,15.0,,,9997.5,0.0,41500,9.0,10000.941176470587,0.7647058823529411,0.0,0.0,,,
0,41600,ASH_COATED_OSMIUM,9992.0,10.0,9990.0,27.0,,,,,,,,,9992.0,0.0,41600,,,,0.0,0.0,,,
0,41700,ASH_COATED_OSMIUM,9992.0,13.0,9990.0,20.0,,,10008.0,13.0,,,,,10000.0,0.0,41700,16.0,10000.0,0.0,0.0,0.0,,,
0,41800,ASH_COATED_OSMIUM,9992.0,15.0,9989.0,28.0,,,10008.0,15.0,,,,,10000.0,0.0,41800,16.0,10000.0,0.0,0.0,0.0,,,
0,41900,ASH_COATED_OSMIUM,9993.0,10.0,9990.0,28.0,,,10009.0,10.0,10011.0,28.0,,,10001.0,0.0,41900,16.0,10001.0,0.0,1.0,6.0,9993.0,9993.0,9993.0
0,42000,ASH_COATED_OSMIUM,,,,,,,10009.0,13.0,10011.0,28.0,,,10009.0,0.0,42000,,,,0.0,0.0,,,
0,42100,ASH_COATED_OSMIUM,9993.0,14.0,9990.0,24.0,,,10009.0,14.0,,,,,10001.0,0.0,42100,16.0,10001.0,0.0,0.0,0.0,,,
0,42200,ASH_COATED_OSMIUM,9992.0,11.0,9990.0,26.0,,,10008.0,11.0,,,,,10000.0,0.0,42200,16.0,10000.0,0.0,0.0,0.0,,,
0,42300,ASH_COATED_OSMIUM,9993.0,13.0,9990.0,24.0,,,10009.0,13.0,,,,,10001.0,0.0,42300,16.0,10001.0,0.0,0.0,0.0,,,
0,42400,ASH_COATED_OSMIUM,9990.0,24.0,,,,,10011.0,24.0,,,,,10000.5,0.0,42400,21.0,10000.5,0.0,0.0,0.0,,,
0,42500,ASH_COATED_OSMIUM,9993.0,12.0,9991.0,22.0,,,10012.0,22.0,,,,,10002.5,0.0,42500,19.0,9999.70588235294,-0.29411764705882354,0.0,0.0,,,
0,42600,ASH_COATED_OSMIUM,9993.0,10.0,9991.0,25.0,,,10009.0,10.0,10012.0,25.0,,,10001.0,0.0,42600,16.0,10001.0,0.0,0.0,0.0,,,
0,42700,ASH_COATED_OSMIUM,9994.0,11.0,9991.0,20.0,,,10012.0,20.0,,,,,10003.0,0.0,42700,18.0,10000.387096774193,-0.2903225806451613,0.0,0.0,,,
0,42800,ASH_COATED_OSMIUM,9994.0,13.0,9991.0,23.0,,,10010.0,13.0,10012.0,23.0,,,10002.0,0.0,42800,16.0,10002.0,0.0,0.0,0.0,,,
0,42900,ASH_COATED_OSMIUM,9993.0,12.0,,,,,10012.0,22.0,,,,,10002.5,0.0,42900,19.0,9999.70588235294,-0.29411764705882354,0.0,0.0,,,
0,43000,ASH_COATED_OSMIUM,9993.0,14.0,9991.0,24.0,,,10012.0,24.0,,,,,10002.5,0.0,43000,19.0,10000.0,-0.2631578947368421,0.0,0.0,,,
0,43100,ASH_COATED_OSMIUM,9993.0,11.0,9991.0,23.0,,,10009.0,11.0,10012.0,23.0,,,10001.0,0.0,43100,16.0,10001.0,0.0,0.0,0.0,,,
0,43200,ASH_COATED_OSMIUM,10003.0,7.0,9991.0,27.0,,,10009.0,10.0,10012.0,27.0,,,10006.0,0.0,43200,6.0,10005.470588235294,-0.17647058823529413,0.0,0.0,,,
0,43300,ASH_COATED_OSMIUM,9993.0,10.0,,,,,10009.0,10.0,10011.0,20.0,,,10001.0,0.0,43300,16.0,10001.0,0.0,0.0,0.0,,,
0,43400,ASH_COATED_OSMIUM,9993.0,10.0,9991.0,27.0,,,10012.0,27.0,,,,,10002.5,0.0,43400,19.0,9998.135135135135,-0.4594594594594595,0.0,0.0,,,
0,43500,ASH_COATED_OSMIUM,9993.0,11.0,,,,,10009.0,11.0,10012.0,23.0,,,10001.0,0.0,43500,16.0,10001.0,0.0,0.0,0.0,,,
0,43600,ASH_COATED_OSMIUM,9993.0,15.0,9990.0,21.0,,,10011.0,21.0,,,,,10002.0,0.0,43600,18.0,10000.5,-0.16666666666666666,0.0,0.0,,,
0,43700,ASH_COATED_OSMIUM,9993.0,12.0,9990.0,26.0,,,10011.0,26.0,,,,,10002.0,0.0,43700,18.0,9998.684210526315,-0.3684210526315789,0.0,0.0,,,
0,43800,ASH_COATED_OSMIUM,9993.0,12.0,9990.0,25.0,,,10009.0,12.0,10011.0,25.0,,,10001.0,0.0,43800,16.0,10001.0,0.0,0.0,0.0,,,
0,43900,ASH_COATED_OSMIUM,9991.0,28.0,,,,,10009.0,10.0,10012.0,28.0,,,10000.0,0.0,43900,18.0,10004.263157894737,0.47368421052631576,0.0,0.0,,,
0,44000,ASH_COATED_OSMIUM,9993.0,13.0,9990.0,25.0,,,10011.0,25.0,,,,,10002.0,0.0,44000,18.0,9999.157894736842,-0.3157894736842105,0.0,0.0,,,
0,44100,ASH_COATED_OSMIUM,9993.0,10.0,9990.0,28.0,,,10009.0,10.0,,,,,10001.0,0.0,44100,16.0,10001.0,0.0,0.0,0.0,,,
0,44200,ASH_COATED_OSMIUM,9990.0,20.0,,,,,10009.0,11.0,10011.0,20.0,,,9999.5,0.0,44200,19.0,10002.258064516129,0.2903225806451613,0.0,0.0,,,
0,44300,ASH_COATED_OSMIUM,9991.0,24.0,,,,,,,,,,,9991.0,0.0,44300,,,,0.0,0.0,,,
0,44400,ASH_COATED_OSMIUM,9993.0,12.0,9991.0,29.0,,,10009.0,12.0,,,,,10001.0,0.0,44400,16.0,10001.0,0.0,0.0,0.0,,,
0,44500,ASH_COATED_OSMIUM,,,,,,,10010.0,12.0,10012.0,26.0,,,10010.0,0.0,44500,,,,0.0,0.0,,,
0,44600,ASH_COATED_OSMIUM,9993.0,13.0,9991.0,23.0,,,10009.0,13.0,10012.0,23.0,,,10001.0,0.0,44600,16.0,10001.0,0.0,0.0,0.0,,,
0,44700,ASH_COATED_OSMIUM,9993.0,11.0,9991.0,23.0,,,,,,,,,9993.0,0.0,44700,,,,0.0,0.0,,,
0,44800,ASH_COATED_OSMIUM,9993.0,15.0,9991.0,22.0,,,10012.0,22.0,,,,,10002.5,0.0,44800,19.0,10000.702702702703,-0.1891891891891892,0.0,0.0,,,
0,44900,ASH_COATED_OSMIUM,9993.0,10.0,9990.0,26.0,,,10009.0,10.0,,,,,10001.0,0.0,44900,16.0,10001.0,0.0,0.0,0.0,,,
0,45000,ASH_COATED_OSMIUM,9992.0,14.0,9990.0,26.0,,,10008.0,14.0,10011.0,26.0,,,10000.0,0.0,45000,16.0,10000.0,0.0,0.0,0.0,,,
0,45100,ASH_COATED_OSMIUM,9990.0,25.0,,,,,10011.0,25.0,,,,,10000.5,0.0,45100,21.0,10000.5,0.0,0.0,0.0,,,
0,45200,ASH_COATED_OSMIUM,9992.0,10.0,9990.0,27.0,,,10008.0,10.0,10011.0,27.0,,,10000.0,0.0,45200,16.0,10000.0,0.0,0.0,0.0,,,
0,45300,ASH_COATED_OSMIUM,9990.0,28.0,,,,,10008.0,15.0,10011.0,28.0,,,9999.0,0.0,45300,18.0,10001.720930232557,0.3023255813953488,0.0,0.0,,,
0,45400,ASH_COATED_OSMIUM,9992.0,14.0,,,,,10011.0,27.0,,,,,10001.5,0.0,45400,19.0,9998.487804878048,-0.3170731707317073,0.0,0.0,,,
0,45500,ASH_COATED_OSMIUM,9992.0,10.0,9990.0,23.0,,,10008.0,10.0,,,,,10000.0,0.0,45500,16.0,10000.0,0.0,0.0,0.0,,,
0,45600,ASH_COATED_OSMIUM,9992.0,12.0,9989.0,24.0,,,10008.0,12.0,10010.0,24.0,,,10000.0,0.0,45600,16.0,10000.0,0.0,0.0,0.0,,,
0,45700,ASH_COATED_OSMIUM,9992.0,10.0,9990.0,30.0,,,10011.0,30.0,,,,,10001.5,0.0,45700,19.0,9996.75,-0.5,0.0,0.0,,,
0,45800,ASH_COATED_OSMIUM,9997.0,2.0,9991.0,13.0,,,10010.0,24.0,,,,,10003.5,0.0,45800,13.0,9998.0,-0.8461538461538461,0.0,0.0,,,
0,45900,ASH_COATED_OSMIUM,9992.0,15.0,9989.0,21.0,,,10008.0,15.0,10010.0,21.0,,,10000.0,0.0,45900,16.0,10000.0,0.0,0.0,0.0,,,
0,46000,ASH_COATED_OSMIUM,9989.0,25.0,,,,,10007.0,11.0,10010.0,25.0,,,9998.0,0.0,46000,18.0,10001.5,0.3888888888888889,0.0,0.0,,,
0,46100,ASH_COATED_OSMIUM,9991.0,12.0,9989.0,25.0,,,10007.0,12.0,,,,,9999.0,0.0,46100,16.0,9999.0,0.0,0.0,0.0,,,
0,46200,ASH_COATED_OSMIUM,9992.0,12.0,9989.0,28.0,,,10008.0,12.0,10010.0,28.0,,,10000.0,0.0,46200,16.0,10000.0,0.0,0.0,0.0,,,
0,46300,ASH_COATED_OSMIUM,9992.0,14.0,9989.0,22.0,,,10010.0,22.0,,,,,10001.0,0.0,46300,18.0,9999.0,-0.2222222222222222,1.0,4.0,9992.0,9992.0,9992.0
0,46400,ASH_COATED_OSMIUM,9989.0,26.0,,,,,10008.0,11.0,10010.0,26.0,,,9998.5,0.0,46400,19.0,10002.351351351352,0.40540540540540543,0.0,0.0,,,
0,46500,ASH_COATED_OSMIUM,9989.0,23.0,,,,,10008.0,12.0,10010.0,23.0,,,9998.5,0.0,46500,19.0,10001.485714285714,0.3142857142857143,0.0,0.0,,,
0,46600,ASH_COATED_OSMIUM,9991.0,13.0,,,,,10007.0,13.0,10010.0,21.0,,,9999.0,0.0,46600,16.0,9999.0,0.0,0.0,0.0,,,
0,46700,ASH_COATED_OSMIUM,9991.0,14.0,9989.0,22.0,,,10010.0,22.0,,,,,10000.5,0.0,46700,19.0,9998.388888888889,-0.2222222222222222,0.0,0.0,,,
0,46800,ASH_COATED_OSMIUM,9991.0,11.0,9988.0,22.0,,,10007.0,11.0,10009.0,22.0,,,9999.0,0.0,46800,16.0,9999.0,0.0,0.0,0.0,,,
0,46900,ASH_COATED_OSMIUM,9991.0,10.0,,,,,10007.0,10.0,10010.0,26.0,,,9999.0,0.0,46900,16.0,9999.0,0.0,0.0,0.0,,,
0,47000,ASH_COATED_OSMIUM,9991.0,14.0,,,,,10007.0,14.0,10010.0,20.0,,,9999.0,0.0,47000,16.0,9999.0,0.0,0.0,0.0,,,
0,47100,ASH_COATED_OSMIUM,,,,,,,10008.0,15.0,10010.0,24.0,,,10008.0,0.0,47100,,,,0.0,0.0,,,
0,47200,ASH_COATED_OSMIUM,9991.0,13.0,9989.0,29.0,,,10007.0,13.0,10010.0,29.0,,,9999.0,0.0,47200,16.0,9999.0,0.0,0.0,0.0,,,
0,47300,ASH_COATED_OSMIUM,9991.0,12.0,,,,,10007.0,12.0,10009.0,24.0,,,9999.0,0.0,47300,16.0,9999.0,0.0,0.0,0.0,,,
0,47400,ASH_COATED_OSMIUM,9991.0,12.0,,,,,10007.0,12.0,10009.0,24.0,,,9999.0,0.0,47400,16.0,9999.0,0.0,0.0,0.0,,,
0,47500,ASH_COATED_OSMIUM,9990.0,11.0,9987.0,28.0,,,10006.0,11.0,10008.0,28.0,,,9998.0,0.0,47500,16.0,9998.0,0.0,0.0,0.0,,,
0,47600,ASH_COATED_OSMIUM,9990.0,11.0,9988.0,21.0,,,10006.0,11.0,,,,,9998.0,0.0,47600,16.0,9998.0,0.0,0.0,0.0,,,
0,47700,ASH_COATED_OSMIUM,9990.0,15.0,,,,,10006.0,15.0,10009.0,23.0,,,9998.0,0.0,47700,16.0,9998.0,0.0,0.0,0.0,,,
0,47800,ASH_COATED_OSMIUM,9990.0,10.0,9988.0,22.0,,,10006.0,10.0,10009.0,22.0,,,9998.0,0.0,47800,16.0,9998.0,0.0,0.0,0.0,,,
0,47900,ASH_COATED_OSMIUM,9990.0,15.0,9988.0,21.0,,,10006.0,15.0,10009.0,21.0,,,9998.0,0.0,47900,16.0,9998.0,0.0,0.0,0.0,,,
0,48000,ASH_COATED_OSMIUM,9990.0,12.0,,,,,10006.0,12.0,10009.0,27.0,,,9998.0,0.0,48000,16.0,9998.0,0.0,0.0,0.0,,,
0,48100,ASH_COATED_OSMIUM,9990.0,13.0,,,,,10006.0,13.0,10009.0,29.0,,,9998.0,0.0,48100,16.0,9998.0,0.0,0.0,0.0,,,
0,48200,ASH_COATED_OSMIUM,9990.0,10.0,,,,,10009.0,25.0,,,,,9999.5,0.0,48200,19.0,9995.42857142857,-0.42857142857142855,0.0,0.0,,,
0,48300,ASH_COATED_OSMIUM,9990.0,14.0,,,,,10006.0,14.0,10009.0,29.0,,,9998.0,0.0,48300,16.0,9998.0,0.0,0.0,0.0,,,
0,48400,ASH_COATED_OSMIUM,9990.0,13.0,9988.0,22.0,,,10006.0,13.0,10009.0,22.0,,,9998.0,0.0,48400,16.0,9998.0,0.0,0.0,0.0,,,
0,48500,ASH_COATED_OSMIUM,9988.0,25.0,,,,,10006.0,10.0,10009.0,25.0,,,9997.0,0.0,48500,18.0,10000.857142857143,0.42857142857142855,0.0,0.0,,,
0,48600,ASH_COATED_OSMIUM,9990.0,12.0,9988.0,20.0,,,10009.0,20.0,,,,,9999.5,0.0,48600,19.0,9997.125,-0.25,0.0,0.0,,,
0,48700,ASH_COATED_OSMIUM,9990.0,14.0,9988.0,21.0,,,,,,,,,9990.0,0.0,48700,,,,0.0,0.0,,,
0,48800,ASH_COATED_OSMIUM,9988.0,29.0,,,,,10006.0,15.0,10009.0,29.0,,,9997.0,0.0,48800,18.0,9999.863636363636,0.3181818181818182,0.0,0.0,,,
0,48900,ASH_COATED_OSMIUM,9991.0,10.0,9988.0,24.0,,,10007.0,10.0,10009.0,24.0,,,9999.0,0.0,48900,16.0,9999.0,0.0,0.0,0.0,,,
0,49000,ASH_COATED_OSMIUM,9991.0,13.0,,,,,10007.0,13.0,,,,,9999.0,0.0,49000,16.0,9999.0,0.0,0.0,0.0,,,
0,49100,ASH_COATED_OSMIUM,9991.0,10.0,9988.0,26.0,,,10007.0,10.0,10009.0,26.0,,,9999.0,0.0,49100,16.0,9999.0,0.0,0.0,0.0,,,
0,49200,ASH_COATED_OSMIUM,9988.0,23.0,,,,,10006.0,11.0,10009.0,23.0,,,9997.0,0.0,49200,18.0,10000.176470588236,0.35294117647058826,0.0,0.0,,,
0,49300,ASH_COATED_OSMIUM,9990.0,11.0,9987.0,29.0,,,10006.0,11.0,10008.0,29.0,,,9998.0,0.0,49300,16.0,9998.0,0.0,0.0,0.0,,,
0,49400,ASH_COATED_OSMIUM,9990.0,14.0,9987.0,21.0,,,10006.0,14.0,10008.0,21.0,,,9998.0,0.0,49400,16.0,9998.0,0.0,0.0,0.0,,,
0,49500,ASH_COATED_OSMIUM,9990.0,11.0,9987.0,23.0,,,10006.0,11.0,10008.0,23.0,,,9998.0,0.0,49500,16.0,9998.0,0.0,0.0,0.0,,,
0,49600,ASH_COATED_OSMIUM,9988.0,22.0,,,,,10006.0,10.0,10009.0,22.0,,,9997.0,0.0,49600,18.0,10000.375,0.375,0.0,0.0,,,
0,49700,ASH_COATED_OSMIUM,9988.0,22.0,,,,,10009.0,22.0,,,,,9998.5,0.0,49700,21.0,9998.5,0.0,0.0,0.0,,,
0,49800,ASH_COATED_OSMIUM,9991.0,10.0,9988.0,21.0,,,10007.0,10.0,,,,,9999.0,0.0,49800,16.0,9999.0,0.0,0.0,0.0,,,
0,49900,ASH_COATED_OSMIUM,9991.0,11.0,9989.0,20.0,,,10007.0,11.0,10010.0,20.0,,,9999.0,0.0,49900,16.0,9999.0,0.0,0.0,0.0,,,
0,50000,ASH_COATED_OSMIUM,9991.0,14.0,,,,,10007.0,14.0,10009.0,29.0,,,9999.0,0.0,50000,16.0,9999.0,0.0,0.0,0.0,,,
0,50100,ASH_COATED_OSMIUM,9991.0,14.0,9988.0,30.0,,,10009.0,30.0,,,,,10000.0,0.0,50100,18.0,9996.727272727272,-0.36363636363636365,0.0,0.0,,,
0,50200,ASH_COATED_OSMIUM,9988.0,23.0,,,,,10007.0,13.0,10009.0,23.0,,,9997.5,0.0,50200,19.0,10000.138888888889,0.2777777777777778,0.0,0.0,,,
0,50300,ASH_COATED_OSMIUM,9996.0,2.0,9988.0,25.0,,,10006.0,10.0,10009.0,25.0,,,10001.0,0.0,50300,10.0,9997.666666666666,-0.6666666666666666,0.0,0.0,,,
0,50400,ASH_COATED_OSMIUM,9991.0,10.0,9988.0,29.0,,,10009.0,29.0,,,,,10000.0,0.0,50400,18.0,9995.615384615385,-0.48717948717948717,0.0,0.0,,,
0,50500,ASH_COATED_OSMIUM,9990.0,14.0,9988.0,28.0,,,10006.0,14.0,10009.0,28.0,,,9998.0,0.0,50500,16.0,9998.0,0.0,0.0,0.0,,,
0,50600,ASH_COATED_OSMIUM,9990.0,15.0,,,,,10006.0,15.0,,,,,9998.0,0.0,50600,16.0,9998.0,0.0,0.0,0.0,,,
0,50700,ASH_COATED_OSMIUM,9988.0,25.0,,,,,10006.0,11.0,10009.0,25.0,,,9997.0,0.0,50700,18.0,10000.5,0.3888888888888889,0.0,0.0,,,
0,50800,ASH_COATED_OSMIUM,9990.0,15.0,9988.0,24.0,,,10009.0,24.0,,,,,9999.5,0.0,50800,19.0,9997.307692307691,-0.23076923076923078,0.0,0.0,,,
0,50900,ASH_COATED_OSMIUM,9990.0,13.0,,,,,9996.0,6.0,10006.0,13.0,10009.0,26.0,9993.0,0.0,50900,6.0,9994.105263157895,0.3684210526315789,0.0,0.0,,,
0,51000,ASH_COATED_OSMIUM,9987.0,22.0,,,,,9995.0,4.0,10006.0,14.0,10008.0,22.0,9991.0,0.0,51000,8.0,9993.76923076923,0.6923076923076923,0.0,0.0,,,
0,51100,ASH_COATED_OSMIUM,9990.0,12.0,,,,,10009.0,26.0,,,,,9999.5,0.0,51100,19.0,9996.0,-0.3684210526315789,0.0,0.0,,,
0,51200,ASH_COATED_OSMIUM,9991.0,10.0,,,,,10007.0,10.0,,,,,9999.0,0.0,51200,16.0,9999.0,0.0,0.0,0.0,,,
0,51300,ASH_COATED_OSMIUM,9989.0,23.0,,,,,10010.0,23.0,,,,,9999.5,0.0,51300,21.0,9999.5,0.0,0.0,0.0,,,
0,51400,ASH_COATED_OSMIUM,9991.0,13.0,,,,,10010.0,23.0,,,,,10000.5,0.0,51400,19.0,9997.861111111111,-0.2777777777777778,0.0,0.0,,,
0,51500,ASH_COATED_OSMIUM,9988.0,20.0,,,,,10007.0,11.0,,,,,9997.5,0.0,51500,19.0,10000.258064516129,0.2903225806451613,0.0,0.0,,,
0,51600,ASH_COATED_OSMIUM,9991.0,15.0,9988.0,29.0,,,10007.0,15.0,,,,,9999.0,0.0,51600,16.0,9999.0,0.0,0.0,0.0,,,
0,51700,ASH_COATED_OSMIUM,9990.0,15.0,9988.0,30.0,,,10006.0,15.0,,,,,9998.0,0.0,51700,16.0,9998.0,0.0,0.0,0.0,,,
0,51800,ASH_COATED_OSMIUM,9988.0,24.0,,,,,10007.0,13.0,,,,,9997.5,0.0,51800,19.0,10000.324324324325,0.2972972972972973,0.0,0.0,,,
0,51900,ASH_COATED_OSMIUM,9991.0,10.0,9988.0,26.0,,,10007.0,10.0,10009.0,26.0,,,9999.0,0.0,51900,16.0,9999.0,0.0,0.0,0.0,,,
0,52000,ASH_COATED_OSMIUM,9991.0,11.0,9988.0,23.0,,,10007.0,11.0,10009.0,23.0,,,9999.0,0.0,52000,16.0,9999.0,0.0,0.0,0.0,,,
0,52100,ASH_COATED_OSMIUM,9997.0,5.0,9992.0,12.0,9989.0,30.0,10010.0,30.0,,,,,10003.5,0.0,52100,13.0,9998.857142857143,-0.7142857142857143,0.0,0.0,,,
0,52200,ASH_COATED_OSMIUM,9991.0,12.0,9989.0,28.0,,,10007.0,12.0,,,,,9999.0,0.0,52200,16.0,9999.0,0.0,0.0,0.0,,,
0,52300,ASH_COATED_OSMIUM,9989.0,21.0,,,,,10007.0,12.0,10010.0,21.0,,,9998.0,0.0,52300,18.0,10000.454545454546,0.2727272727272727,0.0,0.0,,,
0,52400,ASH_COATED_OSMIUM,9990.0,15.0,,,,,10006.0,15.0,,,,,9998.0,0.0,52400,16.0,9998.0,0.0,0.0,0.0,,,
0,52500,ASH_COATED_OSMIUM,9990.0,12.0,9987.0,30.0,,,10006.0,12.0,10008.0,30.0,,,9998.0,0.0,52500,16.0,9998.0,0.0,1.0,5.0,10006.0,10006.0,10006.0
0,52600,ASH_COATED_OSMIUM,9990.0,14.0,9987.0,23.0,,,10006.0,14.0,,,,,9998.0,0.0,52600,16.0,9998.0,0.0,0.0,0.0,,,
0,52700,ASH_COATED_OSMIUM,9990.0,12.0,,,,,10006.0,12.0,10008.0,29.0,,,9998.0,0.0,52700,16.0,9998.0,0.0,0.0,0.0,,,
0,52800,ASH_COATED_OSMIUM,9989.0,15.0,9987.0,24.0,,,10005.0,15.0,10008.0,24.0,,,9997.0,0.0,52800,16.0,9997.0,0.0,0.0,0.0,,,
0,52900,ASH_COATED_OSMIUM,9986.0,30.0,,,,,10005.0,15.0,10007.0,30.0,,,9995.5,0.0,52900,19.0,9998.666666666666,0.3333333333333333,0.0,0.0,,,
0,53000,ASH_COATED_OSMIUM,9989.0,12.0,,,,,10005.0,12.0,10007.0,28.0,,,9997.0,0.0,53000,16.0,9997.0,0.0,0.0,0.0,,,
0,53100,ASH_COATED_OSMIUM,9994.0,5.0,9989.0,15.0,9986.0,30.0,,,,,,,9994.0,0.0,53100,,,,0.0,0.0,,,
0,53200,ASH_COATED_OSMIUM,,,,,,,10008.0,30.0,,,,,10008.0,0.0,53200,,,,0.0,0.0,,,
0,53300,ASH_COATED_OSMIUM,9990.0,15.0,9987.0,23.0,,,10006.0,15.0,10008.0,23.0,,,9998.0,0.0,53300,16.0,9998.0,0.0,0.0,0.0,,,
0,53400,ASH_COATED_OSMIUM,9990.0,12.0,9987.0,23.0,,,9999.0,4.0,10008.0,23.0,,,9994.5,0.0,53400,9.0,9996.75,0.5,0.0,0.0,,,
0,53500,ASH_COATED_OSMIUM,9990.0,12.0,,,,,10008.0,25.0,,,,,9999.0,0.0,53500,18.0,9995.837837837838,-0.35135135135135137,0.0,0.0,,,
0,53600,ASH_COATED_OSMIUM,,,,,,,10006.0,13.0,10008.0,23.0,,,10006.0,0.0,53600,,,,0.0,0.0,,,
0,53700,ASH_COATED_OSMIUM,9999.0,6.0,9995.0,3.0,9990.0,13.0,10008.0,25.0,,,,,10003.5,0.0,53700,9.0,10000.741935483871,-0.6129032258064516,0.0,0.0,,,
0,53800,ASH_COATED_OSMIUM,9987.0,23.0,,,,,10006.0,14.0,10008.0,23.0,,,9996.5,0.0,53800,19.0,9998.81081081081,0.24324324324324326,0.0,0.0,,,
0,53900,ASH_COATED_OSMIUM,9989.0,15.0,9987.0,28.0,,,10005.0,15.0,10008.0,28.0,,,9997.0,0.0,53900,16.0,9997.0,0.0,0.0,0.0,,,
0,54000,ASH_COATED_OSMIUM,9989.0,12.0,9986.0,21.0,,,,,,,,,9989.0,0.0,54000,,,,0.0,0.0,,,
0,54100,ASH_COATED_OSMIUM,9989.0,12.0,9986.0,23.0,,,10007.0,23.0,,,,,9998.0,0.0,54100,18.0,9995.171428571428,-0.3142857142857143,0.0,0.0,,,
0,54200,ASH_COATED_OSMIUM,9989.0,12.0,9986.0,20.0,,,10005.0,12.0,10007.0,20.0,,,9997.0,0.0,54200,16.0,9997.0,0.0,0.0,0.0,,,
0,54300,ASH_COATED_OSMIUM,9988.0,13.0,9986.0,25.0,,,10004.0,13.0,10007.0,25.0,,,9996.0,0.0,54300,16.0,9996.0,0.0,0.0,0.0,,,
0,54400,ASH_COATED_OSMIUM,9986.0,22.0,,,,,10007.0,22.0,,,,,9996.5,0.0,54400,21.0,9996.5,0.0,0.0,0.0,,,
0,54500,ASH_COATED_OSMIUM,9988.0,12.0,9986.0,29.0,,,10004.0,12.0,10007.0,29.0,,,9996.0,0.0,54500,16.0,9996.0,0.0,0.0,0.0,,,
0,54600,ASH_COATED_OSMIUM,9986.0,26.0,,,,,10004.0,11.0,10007.0,26.0,,,9995.0,0.0,54600,18.0,9998.648648648648,0.40540540540540543,0.0,0.0,,,
0,54700,ASH_COATED_OSMIUM,9988.0,15.0,,,,,10004.0,15.0,10007.0,21.0,,,9996.0,0.0,54700,16.0,9996.0,0.0,0.0,0.0,,,
0,54800,ASH_COATED_OSMIUM,9986.0,23.0,,,,,10004.0,10.0,10007.0,23.0,,,9995.0,0.0,54800,18.0,9998.545454545454,0.3939393939393939,0.0,0.0,,,
0,54900,ASH_COATED_OSMIUM,9994.0,3.0,9988.0,12.0,,,10007.0,28.0,,,,,10000.5,0.0,54900,13.0,9995.258064516129,-0.8064516129032258,0.0,0.0,,,
0,55000,ASH_COATED_OSMIUM,9988.0,14.0,,,,,10004.0,14.0,10007.0,27.0,,,9996.0,0.0,55000,16.0,9996.0,0.0,0.0,0.0,,,
0,55100,ASH_COATED_OSMIUM,9988.0,14.0,9986.0,29.0,,,10004.0,14.0,,,,,9996.0,0.0,55100,16.0,9996.0,0.0,0.0,0.0,,,
0,55200,ASH_COATED_OSMIUM,9993.0,4.0,9988.0,11.0,9985.0,25.0,10004.0,11.0,10006.0,25.0,,,9998.5,0.0,55200,11.0,9995.933333333332,-0.4666666666666667,0.0,0.0,,,
0,55300,ASH_COATED_OSMIUM,9988.0,12.0,9986.0,24.0,,,,,,,,,9988.0,0.0,55300,,,,0.0,0.0,,,
0,55400,ASH_COATED_OSMIUM,9988.0,15.0,,,,,10004.0,15.0,10006.0,22.0,,,9996.0,0.0,55400,16.0,9996.0,0.0,0.0,0.0,,,
0,55500,ASH_COATED_OSMIUM,9988.0,15.0,,,,,10004.0,15.0,10007.0,26.0,,,9996.0,0.0,55500,16.0,9996.0,0.0,0.0,0.0,,,
0,55600,ASH_COATED_OSMIUM,9988.0,15.0,9985.0,27.0,,,10004.0,15.0,10006.0,27.0,,,9996.0,0.0,55600,16.0,9996.0,0.0,0.0,0.0,,,
0,55700,ASH_COATED_OSMIUM,9988.0,13.0,9985.0,21.0,,,10004.0,13.0,10006.0,21.0,,,9996.0,0.0,55700,16.0,9996.0,0.0,0.0,0.0,,,
0,55800,ASH_COATED_OSMIUM,9988.0,13.0,9985.0,21.0,,,10004.0,13.0,10006.0,21.0,,,9996.0,0.0,55800,16.0,9996.0,0.0,0.0,0.0,,,
0,55900,ASH_COATED_OSMIUM,9988.0,14.0,,,,,10004.0,14.0,10006.0,24.0,,,9996.0,0.0,55900,16.0,9996.0,0.0,0.0,0.0,,,
0,56000,ASH_COATED_OSMIUM,9985.0,20.0,,,,,,,,,,,9985.0,0.0,56000,,,,0.0,0.0,,,
0,56100,ASH_COATED_OSMIUM,9988.0,11.0,9986.0,29.0,,,10004.0,11.0,10007.0,29.0,,,9996.0,0.0,56100,16.0,9996.0,0.0,0.0,0.0,,,
0,56200,ASH_COATED_OSMIUM,9988.0,15.0,,,,,10004.0,15.0,10007.0,26.0,,,9996.0,0.0,56200,16.0,9996.0,0.0,0.0,0.0,,,
0,56300,ASH_COATED_OSMIUM,9988.0,13.0,9986.0,23.0,,,10004.0,13.0,10007.0,23.0,,,9996.0,0.0,56300,16.0,9996.0,0.0,0.0,0.0,,,
0,56400,ASH_COATED_OSMIUM,9988.0,10.0,9985.0,23.0,,,10006.0,23.0,,,,,9997.0,0.0,56400,18.0,9993.454545454546,-0.3939393939393939,0.0,0.0,,,
0,56500,ASH_COATED_OSMIUM,9985.0,25.0,,,,,10003.0,14.0,10006.0,25.0,,,9994.0,0.0,56500,18.0,9996.538461538461,0.28205128205128205,1.0,2.0,9985.0,9985.0,9985.0
0,56600,ASH_COATED_OSMIUM,9988.0,12.0,,,,,10004.0,12.0,10006.0,26.0,,,9996.0,0.0,56600,16.0,9996.0,0.0,0.0,0.0,,,
0,56700,ASH_COATED_OSMIUM,9988.0,12.0,9985.0,25.0,,,10004.0,12.0,10006.0,25.0,,,9996.0,0.0,56700,16.0,9996.0,0.0,0.0,0.0,,,
0,56800,ASH_COATED_OSMIUM,9988.0,15.0,,,,,10004.0,15.0,,,,,9996.0,0.0,56800,16.0,9996.0,0.0,0.0,0.0,,,
0,56900,ASH_COATED_OSMIUM,9989.0,12.0,9986.0,20.0,,,10005.0,12.0,10007.0,20.0,,,9997.0,0.0,56900,16.0,9997.0,0.0,0.0,0.0,,,
0,57000,ASH_COATED_OSMIUM,9989.0,12.0,9986.0,25.0,,,10005.0,12.0,10007.0,25.0,,,9997.0,0.0,57000,16.0,9997.0,0.0,0.0,0.0,,,
0,57100,ASH_COATED_OSMIUM,9988.0,13.0,,,,,10004.0,13.0,10007.0,25.0,,,9996.0,0.0,57100,16.0,9996.0,0.0,0.0,0.0,,,
0,57200,ASH_COATED_OSMIUM,9989.0,12.0,9986.0,26.0,,,10005.0,12.0,10007.0,26.0,,,9997.0,0.0,57200,16.0,9997.0,0.0,0.0,0.0,,,
0,57300,ASH_COATED_OSMIUM,9986.0,25.0,,,,,10005.0,12.0,10007.0,25.0,,,9995.5,0.0,57300,19.0,9998.837837837838,0.35135135135135137,0.0,0.0,,,
0,57400,ASH_COATED_OSMIUM,,,,,,,10007.0,26.0,,,,,10007.0,0.0,57400,,,,0.0,0.0,,,
0,57500,ASH_COATED_OSMIUM,9988.0,15.0,9985.0,30.0,,,10006.0,30.0,,,,,9997.0,0.0,57500,18.0,9994.0,-0.3333333333333333,0.0,0.0,,,
0,57600,ASH_COATED_OSMIUM,9985.0,29.0,,,,,10003.0,14.0,10006.0,29.0,,,9994.0,0.0,57600,18.0,9997.139534883721,0.3488372093023256,0.0,0.0,,,
0,57700,ASH_COATED_OSMIUM,9985.0,28.0,,,,,10006.0,28.0,,,,,9995.5,0.0,57700,21.0,9995.5,0.0,0.0,0.0,,,
0,57800,ASH_COATED_OSMIUM,9987.0,10.0,,,,,10003.0,10.0,10006.0,26.0,,,9995.0,0.0,57800,16.0,9995.0,0.0,0.0,0.0,,,
0,57900,ASH_COATED_OSMIUM,9987.0,15.0,9985.0,30.0,,,10003.0,15.0,10006.0,30.0,,,9995.0,0.0,57900,16.0,9995.0,0.0,0.0,0.0,,,
0,58000,ASH_COATED_OSMIUM,9987.0,13.0,9985.0,23.0,,,10003.0,13.0,10006.0,23.0,,,9995.0,0.0,58000,16.0,9995.0,0.0,0.0,0.0,,,
0,58100,ASH_COATED_OSMIUM,,,,,,,10003.0,13.0,10006.0,23.0,,,10003.0,0.0,58100,,,,0.0,0.0,,,
0,58200,ASH_COATED_OSMIUM,9985.0,24.0,,,,,10003.0,15.0,,,,,9994.0,0.0,58200,18.0,9996.076923076924,0.23076923076923078,1.0,6.0,10003.0,10003.0,10003.0
0,58300,ASH_COATED_OSMIUM,9987.0,11.0,9985.0,21.0,,,10006.0,21.0,,,,,9996.5,0.0,58300,19.0,9993.53125,-0.3125,0.0,0.0,,,
0,58400,ASH_COATED_OSMIUM,9987.0,14.0,9984.0,21.0,,,10003.0,14.0,10005.0,21.0,,,9995.0,0.0,58400,16.0,9995.0,0.0,0.0,0.0,,,
0,58500,ASH_COATED_OSMIUM,9987.0,13.0,9984.0,29.0,,,10003.0,13.0,,,,,9995.0,0.0,58500,16.0,9995.0,0.0,0.0,0.0,,,
0,58600,ASH_COATED_OSMIUM,,,,,,,10003.0,13.0,10005.0,27.0,,,10003.0,0.0,58600,,,,0.0,0.0,,,
0,58700,ASH_COATED_OSMIUM,9987.0,11.0,9984.0,24.0,,,10003.0,11.0,10005.0,24.0,,,9995.0,0.0,58700,16.0,9995.0,0.0,0.0,0.0,,,
0,58800,ASH_COATED_OSMIUM,9987.0,10.0,,,,,,,,,,,9987.0,0.0,58800,,,,0.0,0.0,,,
0,58900,ASH_COATED_OSMIUM,9987.0,10.0,9985.0,22.0,,,10006.0,22.0,,,,,9996.5,0.0,58900,19.0,9992.9375,-0.375,0.0,0.0,,,
0,59000,ASH_COATED_OSMIUM,9987.0,11.0,9985.0,26.0,,,10003.0,11.0,10006.0,26.0,,,9995.0,0.0,59000,16.0,9995.0,0.0,0.0,0.0,,,
0,59100,ASH_COATED_OSMIUM,9987.0,12.0,9985.0,30.0,,,10006.0,30.0,,,,,9996.5,0.0,59100,19.0,9992.42857142857,-0.42857142857142855,0.0,0.0,,,
0,59200,ASH_COATED_OSMIUM,9987.0,11.0,9984.0,29.0,,,10003.0,11.0,10005.0,29.0,,,9995.0,0.0,59200,16.0,9995.0,0.0,0.0,0.0,,,
0,59300,ASH_COATED_OSMIUM,9987.0,15.0,,,,,10003.0,15.0,10005.0,28.0,,,9995.0,0.0,59300,16.0,9995.0,0.0,0.0,0.0,,,
0,59400,ASH_COATED_OSMIUM,9986.0,12.0,9983.0,28.0,,,10002.0,12.0,10004.0,28.0,,,9994.0,0.0,59400,16.0,9994.0,0.0,0.0,0.0,,,
0,59500,ASH_COATED_OSMIUM,9986.0,11.0,9984.0,27.0,,,10002.0,11.0,10005.0,27.0,,,9994.0,0.0,59500,16.0,9994.0,0.0,1.0,5.0,10002.0,10002.0,10002.0
0,59600,ASH_COATED_OSMIUM,9986.0,14.0,9983.0,25.0,,,10002.0,14.0,10004.0,25.0,,,9994.0,0.0,59600,16.0,9994.0,0.0,0.0,0.0,,,
0,59700,ASH_COATED_OSMIUM,9986.0,11.0,,,,,10002.0,11.0,10005.0,26.0,,,9994.0,0.0,59700,16.0,9994.0,0.0,0.0,0.0,,,
0,59800,ASH_COATED_OSMIUM,9986.0,15.0,9983.0,20.0,,,10002.0,15.0,10004.0,20.0,,,9994.0,0.0,59800,16.0,9994.0,0.0,0.0,0.0,,,
0,59900,ASH_COATED_OSMIUM,9987.0,13.0,,,,,10003.0,13.0,10005.0,22.0,,,9995.0,0.0,59900,16.0,9995.0,0.0,0.0,0.0,,,
0,60000,ASH_COATED_OSMIUM,9987.0,14.0,9984.0,29.0,,,10005.0,29.0,,,,,9996.0,0.0,60000,18.0,9992.860465116279,-0.3488372093023256,0.0,0.0,,,
0,60100,ASH_COATED_OSMIUM,9987.0,10.0,9984.0,25.0,,,10003.0,10.0,10005.0,25.0,,,9995.0,0.0,60100,16.0,9995.0,0.0,0.0,0.0,,,
0,60200,ASH_COATED_OSMIUM,9987.0,11.0,9984.0,21.0,,,10003.0,11.0,,,,,9995.0,0.0,60200,16.0,9995.0,0.0,0.0,0.0,,,
0,60300,ASH_COATED_OSMIUM,9984.0,22.0,,,,,10005.0,22.0,,,,,9994.5,0.0,60300,21.0,9994.5,0.0,0.0,0.0,,,
0,60400,ASH_COATED_OSMIUM,9987.0,15.0,9984.0,24.0,,,10003.0,15.0,10005.0,24.0,,,9995.0,0.0,60400,16.0,9995.0,0.0,0.0,0.0,,,
0,60500,ASH_COATED_OSMIUM,9987.0,12.0,9984.0,20.0,,,10003.0,12.0,10005.0,20.0,,,9995.0,0.0,60500,16.0,9995.0,0.0,0.0,0.0,,,
0,60600,ASH_COATED_OSMIUM,9985.0,27.0,,,,,10003.0,13.0,10006.0,27.0,,,9994.0,0.0,60600,18.0,9997.15,0.35,0.0,0.0,,,
0,60700,ASH_COATED_OSMIUM,9988.0,10.0,9985.0,29.0,,,10004.0,10.0,10006.0,29.0,,,9996.0,0.0,60700,16.0,9996.0,0.0,0.0,0.0,,,
0,60800,ASH_COATED_OSMIUM,9987.0,15.0,,,,,10003.0,15.0,10005.0,24.0,,,9995.0,0.0,60800,16.0,9995.0,0.0,1.0,8.0,10003.0,10003.0,10003.0
0,60900,ASH_COATED_OSMIUM,9987.0,13.0,9985.0,23.0,,,10003.0,13.0,,,,,9995.0,0.0,60900,16.0,9995.0,0.0,0.0,0.0,,,
0,61000,ASH_COATED_OSMIUM,9988.0,10.0,,,,,9997.0,2.0,,,,,9992.5,0.0,61000,9.0,9995.5,0.6666666666666666,0.0,0.0,,,
0,61100,ASH_COATED_OSMIUM,9989.0,12.0,9986.0,30.0,,,10005.0,12.0,10007.0,30.0,,,9997.0,0.0,61100,16.0,9997.0,0.0,0.0,0.0,,,
0,61200,ASH_COATED_OSMIUM,9989.0,11.0,9986.0,30.0,,,10007.0,30.0,,,,,9998.0,0.0,61200,18.0,9993.829268292682,-0.4634146341463415,0.0,0.0,,,
0,61300,ASH_COATED_OSMIUM,,,,,,,10005.0,11.0,10007.0,30.0,,,10005.0,0.0,61300,,,,0.0,0.0,,,
0,61400,ASH_COATED_OSMIUM,9989.0,13.0,9986.0,26.0,,,10005.0,13.0,,,,,9997.0,0.0,61400,16.0,9997.0,0.0,0.0,0.0,,,
0,61500,ASH_COATED_OSMIUM,9989.0,11.0,9986.0,29.0,,,10005.0,11.0,10007.0,29.0,,,9997.0,0.0,61500,16.0,9997.0,0.0,0.0,0.0,,,
0,61600,ASH_COATED_OSMIUM,9989.0,10.0,9986.0,25.0,,,10005.0,10.0,10007.0,25.0,,,9997.0,0.0,61600,16.0,9997.0,0.0,0.0,0.0,,,
0,61700,ASH_COATED_OSMIUM,9989.0,12.0,9986.0,22.0,,,10007.0,22.0,,,,,9998.0,0.0,61700,18.0,9995.35294117647,-0.29411764705882354,0.0,0.0,,,
0,61800,ASH_COATED_OSMIUM,9989.0,14.0,9986.0,29.0,,,10005.0,14.0,10007.0,29.0,,,9997.0,0.0,61800,16.0,9997.0,0.0,1.0,5.0,10005.0,10005.0,10005.0
0,61900,ASH_COATED_OSMIUM,9989.0,15.0,,,,,10005.0,15.0,10008.0,23.0,,,9997.0,0.0,61900,16.0,9997.0,0.0,0.0,0.0,,,
0,62000,ASH_COATED_OSMIUM,9989.0,11.0,9986.0,22.0,,,10005.0,11.0,10007.0,22.0,,,9997.0,0.0,62000,16.0,9997.0,0.0,0.0,0.0,,,
0,62100,ASH_COATED_OSMIUM,9988.0,10.0,9986.0,24.0,,,10004.0,10.0,10007.0,24.0,,,9996.0,0.0,62100,16.0,9996.0,0.0,0.0,0.0,,,
0,62200,ASH_COATED_OSMIUM,9989.0,12.0,9987.0,26.0,,,9999.0,5.0,10008.0,26.0,,,9994.0,0.0,62200,10.0,9996.058823529413,0.4117647058823529,1.0,3.0,9999.0,9999.0,9999.0
0,62300,ASH_COATED_OSMIUM,9989.0,11.0,9987.0,21.0,,,10005.0,11.0,10008.0,21.0,,,9997.0,0.0,62300,16.0,9997.0,0.0,1.0,2.0,10005.0,10005.0,10005.0
0,62400,ASH_COATED_OSMIUM,9989.0,13.0,9987.0,26.0,,,10008.0,26.0,,,,,9998.5,0.0,62400,19.0,9995.333333333334,-0.3333333333333333,0.0,0.0,,,
0,62500,ASH_COATED_OSMIUM,9989.0,14.0,9987.0,27.0,,,10008.0,27.0,,,,,9998.5,0.0,62500,19.0,9995.487804878048,-0.3170731707317073,0.0,0.0,,,
0,62600,ASH_COATED_OSMIUM,9990.0,13.0,9987.0,29.0,,,10008.0,29.0,,,,,9999.0,0.0,62600,18.0,9995.57142857143,-0.38095238095238093,0.0,0.0,,,
0,62700,ASH_COATED_OSMIUM,9986.0,25.0,,,,,10005.0,13.0,,,,,9995.5,0.0,62700,19.0,9998.5,0.3157894736842105,0.0,0.0,,,
0,62800,ASH_COATED_OSMIUM,9989.0,12.0,,,,,10005.0,12.0,10007.0,27.0,,,9997.0,0.0,62800,16.0,9997.0,0.0,1.0,9.0,10005.0,10005.0,10005.0
0,62900,ASH_COATED_OSMIUM,9989.0,15.0,9986.0,21.0,,,10007.0,21.0,,,,,9998.0,0.0,62900,18.0,9996.5,-0.16666666666666666,0.0,0.0,,,
0,63000,ASH_COATED_OSMIUM,9989.0,15.0,,,,,10005.0,15.0,,,,,9997.0,0.0,63000,16.0,9997.0,0.0,0.0,0.0,,,
0,63100,ASH_COATED_OSMIUM,9986.0,20.0,,,,,10004.0,11.0,10007.0,20.0,,,9995.0,0.0,63100,18.0,9997.612903225807,0.2903225806451613,0.0,0.0,,,
0,63200,ASH_COATED_OSMIUM,9988.0,14.0,9986.0,24.0,,,,,,,,,9988.0,0.0,63200,,,,0.0,0.0,,,
0,63300,ASH_COATED_OSMIUM,9988.0,14.0,9986.0,26.0,,,9998.0,5.0,10004.0,14.0,,,9993.0,0.0,63300,10.0,9995.368421052632,0.47368421052631576,0.0,0.0,,,
0,63400,ASH_COATED_OSMIUM,9988.0,14.0,,,,,10004.0,14.0,,,,,9996.0,0.0,63400,16.0,9996.0,0.0,0.0,0.0,,,
0,63500,ASH_COATED_OSMIUM,9986.0,30.0,,,,,10004.0,12.0,10007.0,30.0,,,9995.0,0.0,63500,18.0,9998.857142857143,0.42857142857142855,0.0,0.0,,,
0,63600,ASH_COATED_OSMIUM,9994.0,3.0,9988.0,13.0,9986.0,30.0,10004.0,13.0,,,,,9999.0,0.0,63600,10.0,9995.875,-0.625,0.0,0.0,,,
0,63700,ASH_COATED_OSMIUM,9986.0,22.0,,,,,10005.0,10.0,,,,,9995.5,0.0,63700,19.0,9999.0625,0.375,0.0,0.0,,,
0,63800,ASH_COATED_OSMIUM,9989.0,11.0,9986.0,26.0,,,10005.0,11.0,10007.0,26.0,,,9997.0,0.0,63800,16.0,9997.0,0.0,0.0,0.0,,,
0,63900,ASH_COATED_OSMIUM,9994.0,5.0,9988.0,15.0,9986.0,25.0,10004.0,15.0,10007.0,25.0,,,9999.0,0.0,63900,10.0,9996.5,-0.5,0.0,0.0,,,
0,64000,ASH_COATED_OSMIUM,9986.0,30.0,,,,,10007.0,30.0,,,,,9996.5,0.0,64000,21.0,9996.5,0.0,0.0,0.0,,,
0,64100,ASH_COATED_OSMIUM,9988.0,10.0,9985.0,29.0,,,10004.0,10.0,10006.0,29.0,,,9996.0,0.0,64100,16.0,9996.0,0.0,0.0,0.0,,,
0,64200,ASH_COATED_OSMIUM,9988.0,12.0,9986.0,23.0,,,9998.0,4.0,10004.0,12.0,10007.0,23.0,9993.0,0.0,64200,10.0,9995.5,0.5,0.0,0.0,,,
0,64300,ASH_COATED_OSMIUM,9988.0,13.0,9986.0,29.0,,,10004.0,13.0,10007.0,29.0,,,9996.0,0.0,64300,16.0,9996.0,0.0,0.0,0.0,,,
0,64400,ASH_COATED_OSMIUM,,,,,,,10004.0,14.0,,,,,10004.0,0.0,64400,,,,0.0,0.0,,,
0,64500,ASH_COATED_OSMIUM,9988.0,10.0,9986.0,30.0,,,10004.0,10.0,10007.0,30.0,,,9996.0,0.0,64500,16.0,9996.0,0.0,0.0,0.0,,,
0,64600,ASH_COATED_OSMIUM,9988.0,10.0,9986.0,23.0,,,10004.0,10.0,10007.0,23.0,,,9996.0,0.0,64600,16.0,9996.0,0.0,0.0,0.0,,,
0,64700,ASH_COATED_OSMIUM,9988.0,10.0,9986.0,28.0,,,10007.0,28.0,,,,,9997.5,0.0,64700,19.0,9993.0,-0.47368421052631576,0.0,0.0,,,
0,64800,ASH_COATED_OSMIUM,9989.0,11.0,9986.0,26.0,,,10005.0,11.0,10007.0,26.0,,,9997.0,0.0,64800,16.0,9997.0,0.0,0.0,0.0,,,
0,64900,ASH_COATED_OSMIUM,9988.0,12.0,9986.0,30.0,,,10004.0,12.0,10007.0,30.0,,,9996.0,0.0,64900,16.0,9996.0,0.0,0.0,0.0,,,
0,65000,ASH_COATED_OSMIUM,9988.0,13.0,9986.0,22.0,,,10007.0,22.0,,,,,9997.5,0.0,65000,19.0,9995.057142857142,-0.2571428571428571,0.0,0.0,,,
0,65100,ASH_COATED_OSMIUM,9987.0,14.0,9985.0,29.0,,,10003.0,14.0,10006.0,29.0,,,9995.0,0.0,65100,16.0,9995.0,0.0,0.0,0.0,,,
0,65200,ASH_COATED_OSMIUM,9987.0,14.0,9985.0,25.0,,,10003.0,14.0,,,,,9995.0,0.0,65200,16.0,9995.0,0.0,0.0,0.0,,,
0,65300,ASH_COATED_OSMIUM,9988.0,14.0,9985.0,29.0,,,9997.0,2.0,10006.0,29.0,,,9992.5,0.0,65300,9.0,9995.875,0.75,0.0,0.0,,,
0,65400,ASH_COATED_OSMIUM,9988.0,10.0,9986.0,24.0,,,10004.0,10.0,10007.0,24.0,,,9996.0,0.0,65400,16.0,9996.0,0.0,0.0,0.0,,,
0,65500,ASH_COATED_OSMIUM,9989.0,10.0,9986.0,25.0,,,10005.0,10.0,10007.0,25.0,,,9997.0,0.0,65500,16.0,9997.0,0.0,0.0,0.0,,,
0,65600,ASH_COATED_OSMIUM,9989.0,15.0,,,,,10005.0,15.0,10008.0,28.0,,,9997.0,0.0,65600,16.0,9997.0,0.0,0.0,0.0,,,
0,65700,ASH_COATED_OSMIUM,9988.0,15.0,9986.0,21.0,,,10004.0,15.0,,,,,9996.0,0.0,65700,16.0,9996.0,0.0,0.0,0.0,,,
0,65800,ASH_COATED_OSMIUM,9989.0,13.0,,,,,10005.0,13.0,,,,,9997.0,0.0,65800,16.0,9997.0,0.0,0.0,0.0,,,
0,65900,ASH_COATED_OSMIUM,9989.0,12.0,9986.0,26.0,,,10005.0,12.0,10007.0,26.0,,,9997.0,0.0,65900,16.0,9997.0,0.0,0.0,0.0,,,
0,66000,ASH_COATED_OSMIUM,9987.0,20.0,,,,,10005.0,13.0,10008.0,20.0,,,9996.0,0.0,66000,18.0,9997.90909090909,0.21212121212121213,0.0,0.0,,,
0,66100,ASH_COATED_OSMIUM,9989.0,15.0,9986.0,22.0,,,10005.0,15.0,10007.0,22.0,,,9997.0,0.0,66100,16.0,9997.0,0.0,0.0,0.0,,,
0,66200,ASH_COATED_OSMIUM,9990.0,15.0,9987.0,28.0,,,10006.0,15.0,10008.0,28.0,,,9998.0,0.0,66200,16.0,9998.0,0.0,0.0,0.0,,,
0,66300,ASH_COATED_OSMIUM,9999.0,6.0,9987.0,25.0,,,10005.0,13.0,10008.0,25.0,,,10002.0,0.0,66300,6.0,10000.894736842105,-0.3684210526315789,0.0,0.0,,,
0,66400,ASH_COATED_OSMIUM,9989.0,14.0,9986.0,28.0,,,10005.0,14.0,10007.0,28.0,,,9997.0,0.0,66400,16.0,9997.0,0.0,0.0,0.0,,,
0,66500,ASH_COATED_OSMIUM,9989.0,14.0,,,,,10005.0,14.0,,,,,9997.0,0.0,66500,16.0,9997.0,0.0,0.0,0.0,,,
0,66600,ASH_COATED_OSMIUM,9989.0,14.0,9986.0,25.0,,,10005.0,14.0,10007.0,25.0,,,9997.0,0.0,66600,16.0,9997.0,0.0,0.0,0.0,,,
0,66700,ASH_COATED_OSMIUM,9986.0,30.0,,,,,10007.0,30.0,,,,,9996.5,0.0,66700,21.0,9996.5,0.0,0.0,0.0,,,
0,66800,ASH_COATED_OSMIUM,9989.0,12.0,9986.0,22.0,,,10005.0,12.0,,,,,9997.0,0.0,66800,16.0,9997.0,0.0,0.0,0.0,,,
0,66900,ASH_COATED_OSMIUM,9989.0,10.0,9986.0,28.0,,,10005.0,10.0,10007.0,28.0,,,9997.0,0.0,66900,16.0,9997.0,0.0,0.0,0.0,,,
0,67000,ASH_COATED_OSMIUM,9989.0,12.0,9986.0,30.0,,,10005.0,12.0,10007.0,30.0,,,9997.0,0.0,67000,16.0,9997.0,0.0,0.0,0.0,,,
0,67100,ASH_COATED_OSMIUM,9986.0,21.0,,,,,10005.0,13.0,,,,,9995.5,0.0,67100,19.0,9997.735294117647,0.23529411764705882,0.0,0.0,,,
0,67200,ASH_COATED_OSMIUM,9989.0,13.0,,,,,10005.0,13.0,10007.0,28.0,,,9997.0,0.0,67200,16.0,9997.0,0.0,0.0,0.0,,,
0,67300,ASH_COATED_OSMIUM,9988.0,14.0,9986.0,25.0,,,9994.0,4.0,10004.0,14.0,10007.0,25.0,9991.0,0.0,67300,6.0,9992.666666666666,0.5555555555555556,0.0,0.0,,,
0,67400,ASH_COATED_OSMIUM,9989.0,13.0,9987.0,29.0,,,10005.0,13.0,10007.0,29.0,,,9997.0,0.0,67400,16.0,9997.0,0.0,0.0,0.0,,,
0,67500,ASH_COATED_OSMIUM,9987.0,28.0,,,,,10005.0,14.0,10008.0,28.0,,,9996.0,0.0,67500,18.0,9999.0,0.3333333333333333,0.0,0.0,,,
0,67600,ASH_COATED_OSMIUM,9986.0,30.0,,,,,10005.0,14.0,,,,,9995.5,0.0,67600,19.0,9998.954545454546,0.36363636363636365,0.0,0.0,,,
0,67700,ASH_COATED_OSMIUM,9988.0,13.0,9986.0,21.0,,,10004.0,13.0,10007.0,21.0,,,9996.0,0.0,67700,16.0,9996.0,0.0,0.0,0.0,,,
0,67800,ASH_COATED_OSMIUM,9989.0,15.0,9987.0,21.0,,,10005.0,15.0,10008.0,21.0,,,9997.0,0.0,67800,16.0,9997.0,0.0,0.0,0.0,,,
0,67900,ASH_COATED_OSMIUM,9989.0,15.0,9986.0,20.0,,,10005.0,15.0,,,,,9997.0,0.0,67900,16.0,9997.0,0.0,0.0,0.0,,,
0,68000,ASH_COATED_OSMIUM,9989.0,12.0,9986.0,30.0,,,10005.0,12.0,10007.0,30.0,,,9997.0,0.0,68000,16.0,9997.0,0.0,1.0,5.0,10005.0,10005.0,10005.0
0,68100,ASH_COATED_OSMIUM,9989.0,12.0,9987.0,26.0,,,10005.0,12.0,10008.0,26.0,,,9997.0,0.0,68100,16.0,9997.0,0.0,0.0,0.0,,,
0,68200,ASH_COATED_OSMIUM,9989.0,12.0,9987.0,24.0,,,10005.0,12.0,10008.0,24.0,,,9997.0,0.0,68200,16.0,9997.0,0.0,0.0,0.0,,,
0,68300,ASH_COATED_OSMIUM,9989.0,10.0,9986.0,26.0,,,10005.0,10.0,10007.0,26.0,,,9997.0,0.0,68300,16.0,9997.0,0.0,0.0,0.0,,,
0,68400,ASH_COATED_OSMIUM,9989.0,15.0,9987.0,28.0,,,10005.0,15.0,,,,,9997.0,0.0,68400,16.0,9997.0,0.0,0.0,0.0,,,
0,68500,ASH_COATED_OSMIUM,,,,,,,10005.0,11.0,10008.0,23.0,,,10005.0,0.0,68500,,,,0.0,0.0,,,
0,68600,ASH_COATED_OSMIUM,9989.0,12.0,9986.0,30.0,,,10005.0,12.0,10007.0,30.0,,,9997.0,0.0,68600,16.0,9997.0,0.0,0.0,0.0,,,
0,68700,ASH_COATED_OSMIUM,9986.0,27.0,,,,,10005.0,15.0,10007.0,27.0,,,9995.5,0.0,68700,19.0,9998.214285714286,0.2857142857142857,0.0,0.0,,,
0,68800,ASH_COATED_OSMIUM,9988.0,14.0,9986.0,23.0,,,10004.0,14.0,10007.0,23.0,,,9996.0,0.0,68800,16.0,9996.0,0.0,0.0,0.0,,,
0,68900,ASH_COATED_OSMIUM,9988.0,13.0,,,,,10004.0,13.0,10007.0,21.0,,,9996.0,0.0,68900,16.0,9996.0,0.0,0.0,0.0,,,
0,69000,ASH_COATED_OSMIUM,9989.0,13.0,9986.0,20.0,,,10005.0,13.0,10007.0,20.0,,,9997.0,0.0,69000,16.0,9997.0,0.0,0.0,0.0,,,
0,69100,ASH_COATED_OSMIUM,9989.0,10.0,9986.0,21.0,,,10005.0,10.0,10007.0,21.0,,,9997.0,0.0,69100,16.0,9997.0,0.0,0.0,0.0,,,
0,69200,ASH_COATED_OSMIUM,9989.0,13.0,9987.0,26.0,,,10005.0,13.0,10008.0,26.0,,,9997.0,0.0,69200,16.0,9997.0,0.0,0.0,0.0,,,
0,69300,ASH_COATED_OSMIUM,9987.0,22.0,,,,,10005.0,15.0,10008.0,22.0,,,9996.0,0.0,69300,18.0,9997.702702702703,0.1891891891891892,0.0,0.0,,,
0,69400,ASH_COATED_OSMIUM,9989.0,10.0,9986.0,27.0,,,10005.0,10.0,10007.0,27.0,,,9997.0,0.0,69400,16.0,9997.0,0.0,0.0,0.0,,,
0,69500,ASH_COATED_OSMIUM,9989.0,14.0,9986.0,27.0,,,10005.0,14.0,10007.0,27.0,,,9997.0,0.0,69500,16.0,9997.0,0.0,0.0,0.0,,,
0,69600,ASH_COATED_OSMIUM,9986.0,24.0,,,,,10005.0,15.0,10007.0,24.0,,,9995.5,0.0,69600,19.0,9997.692307692309,0.23076923076923078,0.0,0.0,,,
0,69700,ASH_COATED_OSMIUM,9989.0,14.0,9987.0,27.0,,,10005.0,14.0,,,,,9997.0,0.0,69700,16.0,9997.0,0.0,0.0,0.0,,,
0,69800,ASH_COATED_OSMIUM,9989.0,10.0,9987.0,26.0,,,10008.0,26.0,,,,,9998.5,0.0,69800,19.0,9994.277777777777,-0.4444444444444444,0.0,0.0,,,
0,69900,ASH_COATED_OSMIUM,,,,,,,10005.0,15.0,10008.0,26.0,,,10005.0,0.0,69900,,,,0.0,0.0,,,
0,70000,ASH_COATED_OSMIUM,9987.0,28.0,,,,,10005.0,11.0,10008.0,28.0,,,9996.0,0.0,70000,18.0,9999.923076923076,0.4358974358974359,0.0,0.0,,,
0,70100,ASH_COATED_OSMIUM,9989.0,12.0,9987.0,27.0,,,10005.0,12.0,10007.0,27.0,,,9997.0,0.0,70100,16.0,9997.0,0.0,0.0,0.0,,,
0,70200,ASH_COATED_OSMIUM,9989.0,15.0,9987.0,25.0,,,10005.0,15.0,10008.0,25.0,,,9997.0,0.0,70200,16.0,9997.0,0.0,0.0,0.0,,,
0,70300,ASH_COATED_OSMIUM,9989.0,11.0,,,,,9995.0,4.0,10005.0,11.0,10008.0,25.0,9992.0,0.0,70300,6.0,9993.4,0.4666666666666667,0.0,0.0,,,
0,70400,ASH_COATED_OSMIUM,9987.0,29.0,,,,,10005.0,10.0,10008.0,29.0,,,9996.0,0.0,70400,18.0,10000.384615384615,0.48717948717948717,0.0,0.0,,,
0,70500,ASH_COATED_OSMIUM,9989.0,10.0,9987.0,24.0,,,10005.0,10.0,10008.0,24.0,,,9997.0,0.0,70500,16.0,9997.0,0.0,0.0,0.0,,,
0,70600,ASH_COATED_OSMIUM,9987.0,27.0,,,,,10005.0,14.0,,,,,9996.0,0.0,70600,18.0,9998.853658536585,0.3170731707317073,0.0,0.0,,,
0,70700,ASH_COATED_OSMIUM,9990.0,12.0,9987.0,24.0,,,9995.0,6.0,10006.0,12.0,10008.0,24.0,9992.5,0.0,70700,5.0,9993.333333333334,0.3333333333333333,0.0,0.0,,,
0,70800,ASH_COATED_OSMIUM,9989.0,15.0,,,,,10005.0,15.0,,,,,9997.0,0.0,70800,16.0,9997.0,0.0,0.0,0.0,,,
0,70900,ASH_COATED_OSMIUM,9989.0,10.0,,,,,10005.0,10.0,10008.0,29.0,,,9997.0,0.0,70900,16.0,9997.0,0.0,0.0,0.0,,,
0,71000,ASH_COATED_OSMIUM,9990.0,10.0,9987.0,29.0,,,10006.0,10.0,10008.0,29.0,,,9998.0,0.0,71000,16.0,9998.0,0.0,0.0,0.0,,,
0,71100,ASH_COATED_OSMIUM,9990.0,10.0,9987.0,20.0,,,10006.0,10.0,10008.0,20.0,,,9998.0,0.0,71100,16.0,9998.0,0.0,0.0,0.0,,,
0,71200,ASH_COATED_OSMIUM,9990.0,10.0,,,,,10008.0,24.0,,,,,9999.0,0.0,71200,18.0,9995.29411764706,-0.4117647058823529,0.0,0.0,,,
0,71300,ASH_COATED_OSMIUM,9989.0,12.0,9987.0,20.0,,,10005.0,12.0,10008.0,20.0,,,9997.0,0.0,71300,16.0,9997.0,0.0,1.0,10.0,9989.0,9989.0,9989.0
0,71400,ASH_COATED_OSMIUM,,,,,,,10006.0,12.0,10008.0,30.0,,,10006.0,0.0,71400,,,,0.0,0.0,,,
0,71500,ASH_COATED_OSMIUM,9990.0,10.0,,,,,10006.0,10.0,10009.0,30.0,,,9998.0,0.0,71500,16.0,9998.0,0.0,0.0,0.0,,,
0,71600,ASH_COATED_OSMIUM,9990.0,15.0,9987.0,22.0,,,10006.0,15.0,,,,,9998.0,0.0,71600,16.0,9998.0,0.0,0.0,0.0,,,
0,71700,ASH_COATED_OSMIUM,9990.0,15.0,9988.0,28.0,,,10006.0,15.0,10009.0,28.0,,,9998.0,0.0,71700,16.0,9998.0,0.0,0.0,0.0,,,
0,71800,ASH_COATED_OSMIUM,9991.0,10.0,9988.0,20.0,,,10009.0,20.0,,,,,10000.0,0.0,71800,18.0,9997.0,-0.3333333333333333,0.0,0.0,,,
0,71900,ASH_COATED_OSMIUM,9991.0,13.0,9988.0,20.0,,,10007.0,13.0,10009.0,20.0,,,9999.0,0.0,71900,16.0,9999.0,0.0,0.0,0.0,,,
0,72000,ASH_COATED_OSMIUM,9991.0,13.0,9989.0,29.0,,,10007.0,13.0,10010.0,29.0,,,9999.0,0.0,72000,16.0,9999.0,0.0,0.0,0.0,,,
0,72100,ASH_COATED_OSMIUM,9991.0,14.0,,,,,10007.0,14.0,10010.0,26.0,,,9999.0,0.0,72100,16.0,9999.0,0.0,0.0,0.0,,,
0,72200,ASH_COATED_OSMIUM,9991.0,10.0,9988.0,20.0,,,10009.0,20.0,,,,,10000.0,0.0,72200,18.0,9997.0,-0.3333333333333333,0.0,0.0,,,
0,72300,ASH_COATED_OSMIUM,9991.0,11.0,9989.0,29.0,,,10007.0,11.0,10010.0,29.0,,,9999.0,0.0,72300,16.0,9999.0,0.0,0.0,0.0,,,
0,72400,ASH_COATED_OSMIUM,9991.0,11.0,,,,,10007.0,11.0,10010.0,24.0,,,9999.0,0.0,72400,16.0,9999.0,0.0,0.0,0.0,,,
0,72500,ASH_COATED_OSMIUM,9992.0,15.0,9989.0,28.0,,,10010.0,28.0,,,,,10001.0,0.0,72500,18.0,9998.279069767443,-0.3023255813953488,0.0,0.0,,,
0,72600,ASH_COATED_OSMIUM,9989.0,22.0,,,,,10008.0,14.0,10010.0,22.0,,,9998.5,0.0,72600,19.0,10000.611111111111,0.2222222222222222,0.0,0.0,,,
0,72700,ASH_COATED_OSMIUM,9989.0,29.0,,,,,,,,,,,9989.0,0.0,72700,,,,0.0,0.0,,,
0,72800,ASH_COATED_OSMIUM,9989.0,30.0,,,,,10010.0,30.0,,,,,9999.5,0.0,72800,21.0,9999.5,0.0,0.0,0.0,,,
0,72900,ASH_COATED_OSMIUM,9989.0,23.0,,,,,9997.0,7.0,10008.0,11.0,10010.0,23.0,9993.0,0.0,72900,8.0,9995.133333333333,0.5333333333333333,0.0,0.0,,,
0,73000,ASH_COATED_OSMIUM,9992.0,13.0,9989.0,24.0,,,10008.0,13.0,,,,,10000.0,0.0,73000,16.0,10000.0,0.0,0.0,0.0,,,
0,73100,ASH_COATED_OSMIUM,,,,,,,10008.0,13.0,10010.0,24.0,,,10008.0,0.0,73100,,,,0.0,0.0,,,
0,73200,ASH_COATED_OSMIUM,9992.0,14.0,,,,,10008.0,14.0,,,,,10000.0,0.0,73200,16.0,10000.0,0.0,0.0,0.0,,,
0,73300,ASH_COATED_OSMIUM,9990.0,22.0,,,,,10008.0,15.0,10011.0,22.0,,,9999.0,0.0,73300,18.0,10000.702702702703,0.1891891891891892,0.0,0.0,,,
0,73400,ASH_COATED_OSMIUM,9990.0,29.0,,,,,10009.0,12.0,10011.0,29.0,,,9999.5,0.0,73400,19.0,10003.439024390244,0.4146341463414634,0.0,0.0,,,
0,73500,ASH_COATED_OSMIUM,9991.0,21.0,,,,,10009.0,14.0,,,,,10000.0,0.0,73500,18.0,10001.8,0.2,0.0,0.0,,,
0,73600,ASH_COATED_OSMIUM,9993.0,15.0,,,,,10009.0,15.0,10012.0,21.0,,,10001.0,0.0,73600,16.0,10001.0,0.0,0.0,0.0,,,
0,73700,ASH_COATED_OSMIUM,9991.0,20.0,,,,,10010.0,14.0,,,,,10000.5,0.0,73700,19.0,10002.176470588236,0.17647058823529413,0.0,0.0,,,
0,73800,ASH_COATED_OSMIUM,9994.0,14.0,9991.0,27.0,,,10003.0,5.0,10010.0,14.0,10012.0,27.0,9998.5,0.0,73800,9.0,10000.631578947368,0.47368421052631576,0.0,0.0,,,
0,73900,ASH_COATED_OSMIUM,9994.0,13.0,9991.0,22.0,,,,,,,,,9994.0,0.0,73900,,,,0.0,0.0,,,
0,74000,ASH_COATED_OSMIUM,9999.0,4.0,9994.0,14.0,9991.0,21.0,10010.0,14.0,10012.0,21.0,,,10004.5,0.0,74000,11.0,10001.444444444445,-0.5555555555555556,0.0,0.0,,,
0,74100,ASH_COATED_OSMIUM,9994.0,13.0,9992.0,24.0,,,10010.0,13.0,,,,,10002.0,0.0,74100,16.0,10002.0,0.0,0.0,0.0,,,
0,74200,ASH_COATED_OSMIUM,9991.0,29.0,,,,,10010.0,13.0,10012.0,29.0,,,10000.5,0.0,74200,19.0,10004.119047619048,0.38095238095238093,0.0,0.0,,,
0,74300,ASH_COATED_OSMIUM,9991.0,24.0,,,,,10010.0,11.0,10012.0,24.0,,,10000.5,0.0,74300,19.0,10004.028571428571,0.37142857142857144,0.0,0.0,,,
0,74400,ASH_COATED_OSMIUM,9994.0,15.0,9991.0,21.0,,,10010.0,15.0,10012.0,21.0,,,10002.0,0.0,74400,16.0,10002.0,0.0,0.0,0.0,,,
0,74500,ASH_COATED_OSMIUM,9994.0,14.0,,,,,10010.0,14.0,10012.0,27.0,,,10002.0,0.0,74500,16.0,10002.0,0.0,0.0,0.0,,,
0,74600,ASH_COATED_OSMIUM,9994.0,12.0,,,,,10010.0,12.0,10013.0,27.0,,,10002.0,0.0,74600,16.0,10002.0,0.0,0.0,0.0,,,
0,74700,ASH_COATED_OSMIUM,9994.0,15.0,9991.0,20.0,,,10010.0,15.0,10012.0,20.0,,,10002.0,0.0,74700,16.0,10002.0,0.0,0.0,0.0,,,
0,74800,ASH_COATED_OSMIUM,9994.0,10.0,9991.0,22.0,,,10012.0,22.0,,,,,10003.0,0.0,74800,18.0,9999.625,-0.375,0.0,0.0,,,
0,74900,ASH_COATED_OSMIUM,9994.0,13.0,9991.0,21.0,,,10010.0,13.0,10012.0,21.0,,,10002.0,0.0,74900,16.0,10002.0,0.0,0.0,0.0,,,
0,75000,ASH_COATED_OSMIUM,9994.0,13.0,,,,,10010.0,13.0,10013.0,23.0,,,10002.0,0.0,75000,16.0,10002.0,0.0,0.0,0.0,,,
0,75100,ASH_COATED_OSMIUM,9994.0,11.0,,,,,10012.0,21.0,,,,,10003.0,0.0,75100,18.0,10000.1875,-0.3125,0.0,0.0,,,
0,75200,ASH_COATED_OSMIUM,9994.0,10.0,9992.0,28.0,,,10010.0,10.0,10013.0,28.0,,,10002.0,0.0,75200,16.0,10002.0,0.0,0.0,0.0,,,
0,75300,ASH_COATED_OSMIUM,9994.0,12.0,,,,,10010.0,12.0,,,,,10002.0,0.0,75300,16.0,10002.0,0.0,0.0,0.0,,,
0,75400,ASH_COATED_OSMIUM,9994.0,15.0,9992.0,26.0,,,10013.0,26.0,,,,,10003.5,0.0,75400,19.0,10000.951219512195,-0.2682926829268293,0.0,0.0,,,
0,75500,ASH_COATED_OSMIUM,9994.0,11.0,,,,,10010.0,11.0,10013.0,23.0,,,10002.0,0.0,75500,16.0,10002.0,0.0,0.0,0.0,,,
0,75600,ASH_COATED_OSMIUM,9994.0,11.0,9991.0,30.0,,,10010.0,11.0,10012.0,30.0,,,10002.0,0.0,75600,16.0,10002.0,0.0,0.0,0.0,,,
0,75700,ASH_COATED_OSMIUM,9993.0,14.0,9991.0,20.0,,,10009.0,14.0,10012.0,20.0,,,10001.0,0.0,75700,16.0,10001.0,0.0,0.0,0.0,,,
0,75800,ASH_COATED_OSMIUM,9993.0,14.0,9991.0,29.0,,,10012.0,29.0,,,,,10002.5,0.0,75800,19.0,9999.186046511628,-0.3488372093023256,0.0,0.0,,,
0,75900,ASH_COATED_OSMIUM,9993.0,12.0,9991.0,20.0,,,10009.0,12.0,10012.0,20.0,,,10001.0,0.0,75900,16.0,10001.0,0.0,0.0,0.0,,,
0,76000,ASH_COATED_OSMIUM,9993.0,12.0,9990.0,21.0,,,10002.0,4.0,10009.0,12.0,10011.0,21.0,9997.5,0.0,76000,9.0,9999.75,0.5,0.0,0.0,,,
0,76100,ASH_COATED_OSMIUM,9993.0,15.0,9990.0,25.0,,,10009.0,15.0,10011.0,25.0,,,10001.0,0.0,76100,16.0,10001.0,0.0,0.0,0.0,,,
0,76200,ASH_COATED_OSMIUM,9999.0,3.0,9993.0,10.0,,,10009.0,10.0,10012.0,20.0,,,10004.0,0.0,76200,10.0,10001.307692307691,-0.5384615384615384,0.0,0.0,,,
0,76300,ASH_COATED_OSMIUM,9993.0,10.0,9991.0,21.0,,,10009.0,10.0,10012.0,21.0,,,10001.0,0.0,76300,16.0,10001.0,0.0,0.0,0.0,,,
0,76400,ASH_COATED_OSMIUM,9993.0,15.0,,,,,10009.0,15.0,10012.0,26.0,,,10001.0,0.0,76400,16.0,10001.0,0.0,0.0,0.0,,,
0,76500,ASH_COATED_OSMIUM,9994.0,13.0,9991.0,20.0,,,10010.0,13.0,10012.0,20.0,,,10002.0,0.0,76500,16.0,10002.0,0.0,0.0,0.0,,,
0,76600,ASH_COATED_OSMIUM,9991.0,30.0,,,,,10010.0,12.0,10012.0,30.0,,,10000.5,0.0,76600,19.0,10004.57142857143,0.42857142857142855,0.0,0.0,,,
0,76700,ASH_COATED_OSMIUM,9995.0,15.0,9992.0,25.0,,,10011.0,15.0,10013.0,25.0,,,10003.0,0.0,76700,16.0,10003.0,0.0,0.0,0.0,,,
0,76800,ASH_COATED_OSMIUM,9995.0,11.0,9992.0,25.0,,,10011.0,11.0,10013.0,25.0,,,10003.0,0.0,76800,16.0,10003.0,0.0,0.0,0.0,,,
0,76900,ASH_COATED_OSMIUM,9992.0,21.0,,,,,10013.0,21.0,,,,,10002.5,0.0,76900,21.0,10002.5,0.0,0.0,0.0,,,
0,77000,ASH_COATED_OSMIUM,9994.0,14.0,9992.0,30.0,,,10004.0,4.0,10010.0,14.0,10013.0,30.0,9999.0,0.0,77000,10.0,10001.777777777777,0.5555555555555556,0.0,0.0,,,
0,77100,ASH_COATED_OSMIUM,9994.0,13.0,9992.0,29.0,,,,,,,,,9994.0,0.0,77100,,,,0.0,0.0,,,
0,77200,ASH_COATED_OSMIUM,9995.0,11.0,9992.0,29.0,,,10013.0,29.0,,,,,10004.0,0.0,77200,18.0,9999.95,-0.45,0.0,0.0,,,
0,77300,ASH_COATED_OSMIUM,9992.0,23.0,,,,,10011.0,13.0,10013.0,23.0,,,10001.5,0.0,77300,19.0,10004.138888888889,0.2777777777777778,0.0,0.0,,,
0,77400,ASH_COATED_OSMIUM,9995.0,14.0,9993.0,21.0,,,10011.0,14.0,,,,,10003.0,0.0,77400,16.0,10003.0,0.0,0.0,0.0,,,
0,77500,ASH_COATED_OSMIUM,9995.0,13.0,9993.0,26.0,,,10011.0,13.0,,,,,10003.0,0.0,77500,16.0,10003.0,0.0,0.0,0.0,,,
0,77600,ASH_COATED_OSMIUM,9995.0,10.0,9993.0,30.0,,,10011.0,10.0,10014.0,30.0,,,10003.0,0.0,77600,16.0,10003.0,0.0,0.0,0.0,,,
0,77700,ASH_COATED_OSMIUM,9995.0,15.0,9993.0,28.0,,,,,,,,,9995.0,0.0,77700,,,,0.0,0.0,,,
0,77800,ASH_COATED_OSMIUM,9995.0,15.0,9992.0,29.0,,,,,,,,,9995.0,0.0,77800,,,,0.0,0.0,,,
0,77900,ASH_COATED_OSMIUM,9995.0,13.0,9992.0,24.0,,,10013.0,24.0,,,,,10004.0,0.0,77900,18.0,10001.324324324325,-0.2972972972972973,0.0,0.0,,,
0,78000,ASH_COATED_OSMIUM,9994.0,14.0,9992.0,27.0,,,10010.0,14.0,10013.0,27.0,,,10002.0,0.0,78000,16.0,10002.0,0.0,0.0,0.0,,,
0,78100,ASH_COATED_OSMIUM,9994.0,14.0,,,,,10010.0,14.0,10012.0,30.0,,,10002.0,0.0,78100,16.0,10002.0,0.0,0.0,0.0,,,
0,78200,ASH_COATED_OSMIUM,9993.0,13.0,9991.0,27.0,,,10012.0,27.0,,,,,10002.5,0.0,78200,19.0,9999.175,-0.35,0.0,0.0,,,
0,78300,ASH_COATED_OSMIUM,9994.0,10.0,9991.0,28.0,,,10010.0,10.0,10012.0,28.0,,,10002.0,0.0,78300,16.0,10002.0,0.0,1.0,2.0,9994.0,9994.0,9994.0
0,78400,ASH_COATED_OSMIUM,9999.0,2.0,9994.0,12.0,9991.0,26.0,10010.0,12.0,,,,,10004.5,0.0,78400,11.0,10000.57142857143,-0.7142857142857143,0.0,0.0,,,
0,78500,ASH_COATED_OSMIUM,9994.0,14.0,9991.0,21.0,,,10010.0,14.0,,,,,10002.0,0.0,78500,16.0,10002.0,0.0,0.0,0.0,,,
0,78600,ASH_COATED_OSMIUM,9994.0,11.0,,,,,10012.0,30.0,,,,,10003.0,0.0,78600,18.0,9998.829268292682,-0.4634146341463415,0.0,0.0,,,
0,78700,ASH_COATED_OSMIUM,9991.0,21.0,,,,,10009.0,10.0,10012.0,21.0,,,10000.0,0.0,78700,18.0,10003.193548387097,0.3548387096774194,0.0,0.0,,,
0,78800,ASH_COATED_OSMIUM,9993.0,15.0,9991.0,27.0,,,10009.0,15.0,10012.0,27.0,,,10001.0,0.0,78800,16.0,10001.0,0.0,0.0,0.0,,,
0,78900,ASH_COATED_OSMIUM,9991.0,29.0,,,,,10010.0,11.0,,,,,10000.5,0.0,78900,19.0,10004.775,0.45,0.0,0.0,,,
0,79000,ASH_COATED_OSMIUM,9994.0,13.0,9992.0,23.0,,,10010.0,13.0,10013.0,23.0,,,10002.0,0.0,79000,16.0,10002.0,0.0,0.0,0.0,,,
0,79100,ASH_COATED_OSMIUM,9994.0,10.0,9992.0,24.0,,,10010.0,10.0,10013.0,24.0,,,10002.0,0.0,79100,16.0,10002.0,0.0,0.0,0.0,,,
0,79200,ASH_COATED_OSMIUM,9992.0,25.0,,,,,10000.0,8.0,10013.0,25.0,,,9996.0,0.0,79200,8.0,9998.060606060606,0.5151515151515151,0.0,0.0,,,
0,79300,ASH_COATED_OSMIUM,9992.0,22.0,,,,,10013.0,22.0,,,,,10002.5,0.0,79300,21.0,10002.5,0.0,0.0,0.0,,,
0,79400,ASH_COATED_OSMIUM,9994.0,11.0,9992.0,21.0,,,10013.0,21.0,,,,,10003.5,0.0,79400,19.0,10000.53125,-0.3125,1.0,4.0,10013.0,10013.0,10013.0
0,79500,ASH_COATED_OSMIUM,9994.0,15.0,9992.0,26.0,,,10010.0,15.0,10013.0,26.0,,,10002.0,0.0,79500,16.0,10002.0,0.0,0.0,0.0,,,
0,79600,ASH_COATED_OSMIUM,9994.0,11.0,,,,,10010.0,11.0,,,,,10002.0,0.0,79600,16.0,10002.0,0.0,1.0,5.0,10010.0,10010.0,10010.0
0,79700,ASH_COATED_OSMIUM,9994.0,12.0,,,,,10013.0,29.0,,,,,10003.5,0.0,79700,19.0,9999.560975609756,-0.4146341463414634,0.0,0.0,,,
