timestamp,buyer,seller,symbol,currency,price,quantity,day,globalTs
6300,,,ASH_COATED_OSMIUM,XIRECS,10009.0,5,0,6300
7000,,,ASH_COATED_OSMIUM,XIRECS,10008.0,4,0,7000
7100,,,ASH_COATED_OSMIUM,XIRECS,10008.0,3,0,7100
8600,,,ASH_COATED_OSMIUM,XIRECS,10008.0,5,0,8600
9300,,,ASH_COATED_OSMIUM,XIRECS,9992.0,7,0,9300
9700,,,ASH_COATED_OSMIUM,XIRECS,10009.0,5,0,9700
12500,,,ASH_COATED_OSMIUM,XIRECS,10013.0,10,0,12500
12600,,,ASH_COATED_OSMIUM,XIRECS,10011.0,9,0,12600
17700,,,ASH_COATED_OSMIUM,XIRECS,10009.0,5,0,17700
21200,,,ASH_COATED_OSMIUM,XIRECS,10008.0,10,0,21200
22000,,,ASH_COATED_OSMIUM,XIRECS,9993.0,5,0,22000
22700,,,ASH_COATED_OSMIUM,XIRECS,9994.0,9,0,22700
23200,,,ASH_COATED_OSMIUM,XIRECS,9993.0,6,0,23200
23600,,,ASH_COATED_OSMIUM,XIRECS,9990.0,6,0,23600
24600,,,ASH_COATED_OSMIUM,XIRECS,10008.0,5,0,24600
30100,,,ASH_COATED_OSMIUM,XIRECS,10009.0,5,0,30100
31500,,,ASH_COATED_OSMIUM,XIRECS,9993.0,10,0,31500
33800,,,ASH_COATED_OSMIUM,XIRECS,10010.0,4,0,33800
35100,,,ASH_COATED_OSMIUM,XIRECS,9993.0,7,0,35100
37300,,,ASH_COATED_OSMIUM,XIRECS,10008.0,7,0,37300
40500,,,ASH_COATED_OSMIUM,XIRECS,10009.0,8,0,40500
41100,,,ASH_COATED_OSMIUM,XIRECS,9993.0,6,0,41100
41900,,,ASH_COATED_OSMIUM,XIRECS,9993.0,6,0,41900
46300,,,ASH_COATED_OSMIUM,XIRECS,9992.0,4,0,46300
52500,,,ASH_COATED_OSMIUM,XIRECS,10006.0,5,0,52500
56500,,,ASH_COATED_OSMIUM,XIRECS,9985.0,2,0,56500
58200,,,ASH_COATED_OSMIUM,XIRECS,10003.0,6,0,58200
59500,,,ASH_COATED_OSMIUM,XIRECS,10002.0,5,0,59500
60800,,,ASH_COATED_OSMIUM,XIRECS,10003.0,8,0,60800
61800,,,ASH_COATED_OSMIUM,XIRECS,10005.0,5,0,61800
62200,,,ASH_COATED_OSMIUM,XIRECS,9999.0,3,0,62200
62300,,,ASH_COATED_OSMIUM,XIRECS,10005.0,2,0,62300
62800,,,ASH_COATED_OSMIUM,XIRECS,10005.0,9,0,62800
68000,,,ASH_COATED_OSMIUM,XIRECS,10005.0,5,0,68000
71300,,,ASH_COATED_OSMIUM,XIRECS,9989.0,10,0,71300
78300,,,ASH_COATED_OSMIUM,XIRECS,9994.0,2,0,78300
79400,,,ASH_COATED_OSMIUM,XIRECS,10013.0,4,0,79400
79600,,,ASH_COATED_OSMIUM,XIRECS,10010.0,5,0,79600
81400,,,ASH_COATED_OSMIUM,XIRECS,10008.0,2,0,81400
86800,,,ASH_COATED_OSMIUM,XIRECS,9991.0,10,0,86800
89000,,,ASH_COATED_OSMIUM,XIRECS,10012.0,4,0,89000
97500,,,ASH_COATED_OSMIUM,XIRECS,9990.0,6,0,97500
97600,,,ASH_COATED_OSMIUM,XIRECS,10008.0,6,0,97600
106900,,,ASH_COATED_OSMIUM,XIRECS,10010.0,7,0,106900
111300,,,ASH_COATED_OSMIUM,XIRECS,9995.0,3,0,111300
112200,,,ASH_COATED_OSMIUM,XIRECS,10010.0,2,0,112200
116600,,,ASH_COATED_OSMIUM,XIRECS,9996.0,8,0,116600
120700,,,ASH_COATED_OSMIUM,XIRECS,9996.0,5,0,120700
120800,,,ASH_COATED_OSMIUM,XIRECS,10002.0,5,0,120800
128900,,,ASH_COATED_OSMIUM,XIRECS,9999.0,3,0,128900
132300,,,ASH_COATED_OSMIUM,XIRECS,10008.0,4,0,132300
134100,,,ASH_COATED_OSMIUM,XIRECS,9991.0,2,0,134100
137400,,,ASH_COATED_OSMIUM,XIRECS,9993.0,7,0,137400
139000,,,ASH_COATED_OSMIUM,XIRECS,9994.0,7,0,139000
139100,,,ASH_COATED_OSMIUM,XIRECS,10010.0,2,0,139100
151400,,,ASH_COATED_OSMIUM,XIRECS,9991.0,6,0,151400
153700,,,ASH_COATED_OSMIUM,XIRECS,9996.0,5,0,153700
153800,,,ASH_COATED_OSMIUM,XIRECS,9996.0,5,0,153800
157600,,,ASH_COATED_OSMIUM,XIRECS,9999.0,5,0,157600
166700,,,ASH_COATED_OSMIUM,XIRECS,10016.0,6,0,166700
167900,,,ASH_COATED_OSMIUM,XIRECS,10014.0,4,0,167900
168000,,,ASH_COATED_OSMIUM,XIRECS,9998.0,8,0,168000
168600,,,ASH_COATED_OSMIUM,XIRECS,9995.0,6,0,168600
169500,,,ASH_COATED_OSMIUM,XIRECS,10013.0,5,0,169500
171200,,,ASH_COATED_OSMIUM,XIRECS,9998.0,3,0,171200
172200,,,ASH_COATED_OSMIUM,XIRECS,9995.0,2,0,172200
180500,,,ASH_COATED_OSMIUM,XIRECS,10001.0,2,0,180500
180600,,,ASH_COATED_OSMIUM,XIRECS,10001.0,5,0,180600
186800,,,ASH_COATED_OSMIUM,XIRECS,10015.0,5,0,186800
187700,,,ASH_COATED_OSMIUM,XIRECS,9999.0,2,0,187700
191200,,,ASH_COATED_OSMIUM,XIRECS,10013.0,10,0,191200
192800,,,ASH_COATED_OSMIUM,XIRECS,10013.0,3,0,192800
193800,,,ASH_COATED_OSMIUM,XIRECS,9997.0,3,0,193800
194400,,,ASH_COATED_OSMIUM,XIRECS,9997.0,4,0,194400
198500,,,ASH_COATED_OSMIUM,XIRECS,10014.0,2,0,198500
202000,,,ASH_COATED_OSMIUM,XIRECS,9996.0,2,0,202000
204900,,,ASH_COATED_OSMIUM,XIRECS,10010.0,9,0,204900
205800,,,ASH_COATED_OSMIUM,XIRECS,9999.0,5,0,205800
207200,,,ASH_COATED_OSMIUM,XIRECS,10008.0,2,0,207200
209800,,,ASH_COATED_OSMIUM,XIRECS,9989.0,9,0,209800
210100,,,ASH_COATED_OSMIUM,XIRECS,10006.0,3,0,210100
211000,,,ASH_COATED_OSMIUM,XIRECS,9990.0,8,0,211000
212000,,,ASH_COATED_OSMIUM,XIRECS,9990.0,7,0,212000
213500,,,ASH_COATED_OSMIUM,XIRECS,10005.0,5,0,213500
214400,,,ASH_COATED_OSMIUM,XIRECS,9988.0,8,0,214400
214600,,,ASH_COATED_OSMIUM,XIRECS,10007.0,6,0,214600
219100,,,ASH_COATED_OSMIUM,XIRECS,9993.0,5,0,219100
221300,,,ASH_COATED_OSMIUM,XIRECS,10009.0,10,0,221300
224700,,,ASH_COATED_OSMIUM,XIRECS,9992.0,7,0,224700
226400,,,ASH_COATED_OSMIUM,XIRECS,9991.0,5,0,226400
230100,,,ASH_COATED_OSMIUM,XIRECS,10007.0,4,0,230100
230600,,,ASH_COATED_OSMIUM,XIRECS,10008.0,7,0,230600
233600,,,ASH_COATED_OSMIUM,XIRECS,9990.0,7,0,233600
234200,,,ASH_COATED_OSMIUM,XIRECS,9989.0,6,0,234200
235100,,,ASH_COATED_OSMIUM,XIRECS,10005.0,6,0,235100
235800,,,ASH_COATED_OSMIUM,XIRECS,10004.0,5,0,235800
238200,,,ASH_COATED_OSMIUM,XIRECS,9986.0,8,0,238200
246200,,,ASH_COATED_OSMIUM,XIRECS,9986.0,3,0,246200
249400,,,ASH_COATED_OSMIUM,XIRECS,9985.0,6,0,249400
251000,,,ASH_COATED_OSMIUM,XIRECS,9985.0,4,0,251000
251900,,,ASH_COATED_OSMIUM,XIRECS,10002.0,3,0,251900
253600,,,ASH_COATED_OSMIUM,XIRECS,9985.0,3,0,253600
255700,,,ASH_COATED_OSMIUM,XIRECS,10002.0,4,0,255700
256000,,,ASH_COATED_OSMIUM,XIRECS,10003.0,5,0,256000
257900,,,ASH_COATED_OSMIUM,XIRECS,10003.0,7,0,257900
258200,,,ASH_COATED_OSMIUM,XIRECS,10003.0,3,0,258200
258500,,,ASH_COATED_OSMIUM,XIRECS,9988.0,9,0,258500
262400,,,ASH_COATED_OSMIUM,XIRECS,10007.0,10,0,262400
266300,,,ASH_COATED_OSMIUM,XIRECS,10010.0,3,0,266300
267000,,,ASH_COATED_OSMIUM,XIRECS,10009.0,5,0,267000
268400,,,ASH_COATED_OSMIUM,XIRECS,9993.0,7,0,268400
272000,,,ASH_COATED_OSMIUM,XIRECS,10014.0,3,0,272000
273000,,,ASH_COATED_OSMIUM,XIRECS,9996.0,6,0,273000
274000,,,ASH_COATED_OSMIUM,XIRECS,10011.0,3,0,274000
276900,,,ASH_COATED_OSMIUM,XIRECS,10010.0,5,0,276900
280600,,,ASH_COATED_OSMIUM,XIRECS,9994.0,6,0,280600
282800,,,ASH_COATED_OSMIUM,XIRECS,9992.0,8,0,282800
285700,,,ASH_COATED_OSMIUM,XIRECS,9997.0,10,0,285700
287000,,,ASH_COATED_OSMIUM,XIRECS,10006.0,2,0,287000
292000,,,ASH_COATED_OSMIUM,XIRECS,9991.0,7,0,292000
293700,,,ASH_COATED_OSMIUM,XIRECS,10010.0,4,0,293700
295400,,,ASH_COATED_OSMIUM,XIRECS,10008.0,10,0,295400
298500,,,ASH_COATED_OSMIUM,XIRECS,10015.0,6,0,298500
299900,,,ASH_COATED_OSMIUM,XIRECS,9996.0,4,0,299900
302600,,,ASH_COATED_OSMIUM,XIRECS,10012.0,2,0,302600
303200,,,ASH_COATED_OSMIUM,XIRECS,10010.0,8,0,303200
305000,,,ASH_COATED_OSMIUM,XIRECS,9999.0,5,0,305000
311500,,,ASH_COATED_OSMIUM,XIRECS,9993.0,10,0,311500
313100,,,ASH_COATED_OSMIUM,XIRECS,10011.0,5,0,313100
315300,,,ASH_COATED_OSMIUM,XIRECS,9995.0,5,0,315300
318600,,,ASH_COATED_OSMIUM,XIRECS,9993.0,5,0,318600
320400,,,ASH_COATED_OSMIUM,XIRECS,10015.0,7,0,320400
321800,,,ASH_COATED_OSMIUM,XIRECS,9995.0,10,0,321800
323700,,,ASH_COATED_OSMIUM,XIRECS,9995.0,6,0,323700
325600,,,ASH_COATED_OSMIUM,XIRECS,9993.0,6,0,325600
332900,,,ASH_COATED_OSMIUM,XIRECS,9995.0,5,0,332900
335800,,,ASH_COATED_OSMIUM,XIRECS,9994.0,10,0,335800
337100,,,ASH_COATED_OSMIUM,XIRECS,10012.0,8,0,337100
340500,,,ASH_COATED_OSMIUM,XIRECS,10009.0,4,0,340500
342900,,,ASH_COATED_OSMIUM,XIRECS,9995.0,9,0,342900
350000,,,ASH_COATED_OSMIUM,XIRECS,10009.0,3,0,350000
351800,,,ASH_COATED_OSMIUM,XIRECS,10010.0,5,0,351800
352200,,,ASH_COATED_OSMIUM,XIRECS,9995.0,4,0,352200
354400,,,ASH_COATED_OSMIUM,XIRECS,10010.0,3,0,354400
360900,,,ASH_COATED_OSMIUM,XIRECS,10010.0,5,0,360900
366200,,,ASH_COATED_OSMIUM,XIRECS,10012.0,5,0,366200
366200,,,ASH_COATED_OSMIUM,XIRECS,10012.0,7,0,366200
368900,,,ASH_COATED_OSMIUM,XIRECS,9999.0,5,0,368900
376000,,,ASH_COATED_OSMIUM,XIRECS,10011.0,2,0,376000
379500,,,ASH_COATED_OSMIUM,XIRECS,9993.0,9,0,379500
379800,,,ASH_COATED_OSMIUM,XIRECS,9995.0,8,0,379800
380200,,,ASH_COATED_OSMIUM,XIRECS,9994.0,5,0,380200
380400,,,ASH_COATED_OSMIUM,XIRECS,9994.0,6,0,380400
383300,,,ASH_COATED_OSMIUM,XIRECS,10009.0,8,0,383300
384100,,,ASH_COATED_OSMIUM,XIRECS,9993.0,3,0,384100
384800,,,ASH_COATED_OSMIUM,XIRECS,9993.0,7,0,384800
388200,,,ASH_COATED_OSMIUM,XIRECS,10011.0,10,0,388200
388500,,,ASH_COATED_OSMIUM,XIRECS,10011.0,7,0,388500
389500,,,ASH_COATED_OSMIUM,XIRECS,9992.0,2,0,389500
392200,,,ASH_COATED_OSMIUM,XIRECS,9992.0,4,0,392200
398600,,,ASH_COATED_OSMIUM,XIRECS,10012.0,9,0,398600
399300,,,ASH_COATED_OSMIUM,XIRECS,10011.0,5,0,399300
401200,,,ASH_COATED_OSMIUM,XIRECS,10012.0,5,0,401200
405700,,,ASH_COATED_OSMIUM,XIRECS,9993.0,6,0,405700
407200,,,ASH_COATED_OSMIUM,XIRECS,10011.0,4,0,407200
408200,,,ASH_COATED_OSMIUM,XIRECS,9992.0,6,0,408200
409000,,,ASH_COATED_OSMIUM,XIRECS,9994.0,2,0,409000
410100,,,ASH_COATED_OSMIUM,XIRECS,10010.0,3,0,410100
410200,,,ASH_COATED_OSMIUM,XIRECS,10013.0,5,0,410200
412500,,,ASH_COATED_OSMIUM,XIRECS,9992.0,7,0,412500
413900,,,ASH_COATED_OSMIUM,XIRECS,10012.0,5,0,413900
416000,,,ASH_COATED_OSMIUM,XIRECS,9999.0,2,0,416000
422200,,,ASH_COATED_OSMIUM,XIRECS,10009.0,6,0,422200
423200,,,ASH_COATED_OSMIUM,XIRECS,9993.0,6,0,423200
424000,,,ASH_COATED_OSMIUM,XIRECS,10007.0,8,0,424000
425300,,,ASH_COATED_OSMIUM,XIRECS,10008.0,4,0,425300
425600,,,ASH_COATED_OSMIUM,XIRECS,10006.0,8,0,425600
426000,,,ASH_COATED_OSMIUM,XIRECS,10007.0,7,0,426000
430500,,,ASH_COATED_OSMIUM,XIRECS,9991.0,4,0,430500
432600,,,ASH_COATED_OSMIUM,XIRECS,9991.0,6,0,432600
435000,,,ASH_COATED_OSMIUM,XIRECS,10008.0,4,0,435000
438900,,,ASH_COATED_OSMIUM,XIRECS,10011.0,5,0,438900
439500,,,ASH_COATED_OSMIUM,XIRECS,9989.0,6,0,439500
441100,,,ASH_COATED_OSMIUM,XIRECS,9993.0,3,0,441100
441600,,,ASH_COATED_OSMIUM,XIRECS,10003.0,4,0,441600
448900,,,ASH_COATED_OSMIUM,XIRECS,10010.0,5,0,448900
454100,,,ASH_COATED_OSMIUM,XIRECS,9999.0,6,0,454100
454400,,,ASH_COATED_OSMIUM,XIRECS,9999.0,8,0,454400
460800,,,ASH_COATED_OSMIUM,XIRECS,9998.0,5,0,460800
469200,,,ASH_COATED_OSMIUM,XIRECS,10014.0,3,0,469200
470800,,,ASH_COATED_OSMIUM,XIRECS,10014.0,9,0,470800
475200,,,ASH_COATED_OSMIUM,XIRECS,9995.0,6,0,475200
477400,,,ASH_COATED_OSMIUM,XIRECS,10010.0,5,0,477400
477900,,,ASH_COATED_OSMIUM,XIRECS,10008.0,3,0,477900
478200,,,ASH_COATED_OSMIUM,XIRECS,10008.0,3,0,478200
484300,,,ASH_COATED_OSMIUM,XIRECS,9988.0,9,0,484300
485200,,,ASH_COATED_OSMIUM,XIRECS,9989.0,6,0,485200
486400,,,ASH_COATED_OSMIUM,XIRECS,10009.0,5,0,486400
489100,,,ASH_COATED_OSMIUM,XIRECS,9994.0,6,0,489100
490700,,,ASH_COATED_OSMIUM,XIRECS,9993.0,3,0,490700
496300,,,ASH_COATED_OSMIUM,XIRECS,9991.0,3,0,496300
498300,,,ASH_COATED_OSMIUM,XIRECS,9993.0,7,0,498300
501000,,,ASH_COATED_OSMIUM,XIRECS,9992.0,2,0,501000
505400,,,ASH_COATED_OSMIUM,XIRECS,10011.0,5,0,505400
506500,,,ASH_COATED_OSMIUM,XIRECS,10012.0,3,0,506500
506800,,,ASH_COATED_OSMIUM,XIRECS,10000.0,2,0,506800
515500,,,ASH_COATED_OSMIUM,XIRECS,9997.0,6,0,515500
517700,,,ASH_COATED_OSMIUM,XIRECS,10003.0,3,0,517700
520900,,,ASH_COATED_OSMIUM,XIRECS,10016.0,6,0,520900
521700,,,ASH_COATED_OSMIUM,XIRECS,10015.0,5,0,521700
522200,,,ASH_COATED_OSMIUM,XIRECS,9998.0,5,0,522200
523600,,,ASH_COATED_OSMIUM,XIRECS,9997.0,9,0,523600
525500,,,ASH_COATED_OSMIUM,XIRECS,10013.0,3,0,525500
526000,,,ASH_COATED_OSMIUM,XIRECS,10013.0,7,0,526000
526400,,,ASH_COATED_OSMIUM,XIRECS,10013.0,5,0,526400
527700,,,ASH_COATED_OSMIUM,XIRECS,9994.0,3,0,527700
531200,,,ASH_COATED_OSMIUM,XIRECS,10013.0,2,0,531200
533800,,,ASH_COATED_OSMIUM,XIRECS,10015.0,4,0,533800
534300,,,ASH_COATED_OSMIUM,XIRECS,10001.0,6,0,534300
536800,,,ASH_COATED_OSMIUM,XIRECS,10019.0,2,0,536800
537400,,,ASH_COATED_OSMIUM,XIRECS,10020.0,2,0,537400
541000,,,ASH_COATED_OSMIUM,XIRECS,10021.0,6,0,541000
544100,,,ASH_COATED_OSMIUM,XIRECS,10007.0,7,0,544100
545400,,,ASH_COATED_OSMIUM,XIRECS,10023.0,2,0,545400
546100,,,ASH_COATED_OSMIUM,XIRECS,10006.0,5,0,546100
548100,,,ASH_COATED_OSMIUM,XIRECS,10026.0,9,0,548100
548400,,,ASH_COATED_OSMIUM,XIRECS,10003.0,4,0,548400
553700,,,ASH_COATED_OSMIUM,XIRECS,10003.0,5,0,553700
557200,,,ASH_COATED_OSMIUM,XIRECS,10019.0,6,0,557200
557600,,,ASH_COATED_OSMIUM,XIRECS,10021.0,6,0,557600
560100,,,ASH_COATED_OSMIUM,XIRECS,10019.0,6,0,560100
563900,,,ASH_COATED_OSMIUM,XIRECS,10000.0,3,0,563900
564300,,,ASH_COATED_OSMIUM,XIRECS,10018.0,3,0,564300
566300,,,ASH_COATED_OSMIUM,XIRECS,10018.0,5,0,566300
567200,,,ASH_COATED_OSMIUM,XIRECS,10019.0,5,0,567200
568500,,,ASH_COATED_OSMIUM,XIRECS,10012.0,5,0,568500
573800,,,ASH_COATED_OSMIUM,XIRECS,10019.0,6,0,573800
574600,,,ASH_COATED_OSMIUM,XIRECS,10001.0,9,0,574600
575200,,,ASH_COATED_OSMIUM,XIRECS,10017.0,2,0,575200
576900,,,ASH_COATED_OSMIUM,XIRECS,10000.0,10,0,576900
579000,,,ASH_COATED_OSMIUM,XIRECS,10000.0,9,0,579000
579400,,,ASH_COATED_OSMIUM,XIRECS,10016.0,5,0,579400
580300,,,ASH_COATED_OSMIUM,XIRECS,10017.0,3,0,580300
581300,,,ASH_COATED_OSMIUM,XIRECS,10000.0,4,0,581300
583100,,,ASH_COATED_OSMIUM,XIRECS,9998.0,4,0,583100
586600,,,ASH_COATED_OSMIUM,XIRECS,10015.0,6,0,586600
587200,,,ASH_COATED_OSMIUM,XIRECS,9997.0,5,0,587200
589200,,,ASH_COATED_OSMIUM,XIRECS,9994.0,2,0,589200
591500,,,ASH_COATED_OSMIUM,XIRECS,10013.0,10,0,591500
596200,,,ASH_COATED_OSMIUM,XIRECS,10014.0,7,0,596200
603100,,,ASH_COATED_OSMIUM,XIRECS,10015.0,9,0,603100
604700,,,ASH_COATED_OSMIUM,XIRECS,10013.0,6,0,604700
607300,,,ASH_COATED_OSMIUM,XIRECS,9996.0,3,0,607300
608300,,,ASH_COATED_OSMIUM,XIRECS,10011.0,8,0,608300
609600,,,ASH_COATED_OSMIUM,XIRECS,10009.0,6,0,609600
615100,,,ASH_COATED_OSMIUM,XIRECS,9993.0,3,0,615100
616100,,,ASH_COATED_OSMIUM,XIRECS,10007.0,2,0,616100
618800,,,ASH_COATED_OSMIUM,XIRECS,10009.0,10,0,618800
619900,,,ASH_COATED_OSMIUM,XIRECS,9994.0,5,0,619900
623900,,,ASH_COATED_OSMIUM,XIRECS,10014.0,3,0,623900
624100,,,ASH_COATED_OSMIUM,XIRECS,9995.0,4,0,624100
626000,,,ASH_COATED_OSMIUM,XIRECS,9993.0,2,0,626000
626400,,,ASH_COATED_OSMIUM,XIRECS,10002.0,3,0,626400
626700,,,ASH_COATED_OSMIUM,XIRECS,10008.0,4,0,626700
630100,,,ASH_COATED_OSMIUM,XIRECS,10009.0,2,0,630100
631200,,,ASH_COATED_OSMIUM,XIRECS,10010.0,9,0,631200
632400,,,ASH_COATED_OSMIUM,XIRECS,9994.0,5,0,632400
633900,,,ASH_COATED_OSMIUM,XIRECS,10004.0,2,0,633900
634300,,,ASH_COATED_OSMIUM,XIRECS,10011.0,6,0,634300
635100,,,ASH_COATED_OSMIUM,XIRECS,10010.0,6,0,635100
638000,,,ASH_COATED_OSMIUM,XIRECS,10013.0,4,0,638000
639500,,,ASH_COATED_OSMIUM,XIRECS,9995.0,7,0,639500
639600,,,ASH_COATED_OSMIUM,XIRECS,9996.0,4,0,639600
649200,,,ASH_COATED_OSMIUM,XIRECS,9999.0,3,0,649200
649900,,,ASH_COATED_OSMIUM,XIRECS,9991.0,4,0,649900
654200,,,ASH_COATED_OSMIUM,XIRECS,9990.0,5,0,654200
654400,,,ASH_COATED_OSMIUM,XIRECS,9991.0,3,0,654400
656900,,,ASH_COATED_OSMIUM,XIRECS,9996.0,5,0,656900
657900,,,ASH_COATED_OSMIUM,XIRECS,10007.0,10,0,657900
660600,,,ASH_COATED_OSMIUM,XIRECS,9984.0,6,0,660600
665200,,,ASH_COATED_OSMIUM,XIRECS,9999.0,5,0,665200
665700,,,ASH_COATED_OSMIUM,XIRECS,10000.0,8,0,665700
667500,,,ASH_COATED_OSMIUM,XIRECS,9984.0,4,0,667500
668100,,,ASH_COATED_OSMIUM,XIRECS,10000.0,3,0,668100
670500,,,ASH_COATED_OSMIUM,XIRECS,10003.0,2,0,670500
670800,,,ASH_COATED_OSMIUM,XIRECS,9987.0,9,0,670800
674800,,,ASH_COATED_OSMIUM,XIRECS,10005.0,7,0,674800
676700,,,ASH_COATED_OSMIUM,XIRECS,9984.0,5,0,676700
680300,,,ASH_COATED_OSMIUM,XIRECS,9987.0,6,0,680300
681500,,,ASH_COATED_OSMIUM,XIRECS,9983.0,3,0,681500
682900,,,ASH_COATED_OSMIUM,XIRECS,10003.0,7,0,682900
684100,,,ASH_COATED_OSMIUM,XIRECS,9987.0,8,0,684100
684700,,,ASH_COATED_OSMIUM,XIRECS,9985.0,3,0,684700
690800,,,ASH_COATED_OSMIUM,XIRECS,9983.0,5,0,690800
693100,,,ASH_COATED_OSMIUM,XIRECS,10001.0,4,0,693100
694700,,,ASH_COATED_OSMIUM,XIRECS,10001.0,8,0,694700
696600,,,ASH_COATED_OSMIUM,XIRECS,10001.0,3,0,696600
699600,,,ASH_COATED_OSMIUM,XIRECS,9997.0,9,0,699600
708200,,,ASH_COATED_OSMIUM,XIRECS,9998.0,5,0,708200
709600,,,ASH_COATED_OSMIUM,XIRECS,9999.0,2,0,709600
709800,,,ASH_COATED_OSMIUM,XIRECS,9997.0,5,0,709800
710100,,,ASH_COATED_OSMIUM,XIRECS,9997.0,7,0,710100
721400,,,ASH_COATED_OSMIUM,XIRECS,9997.0,4,0,721400
724600,,,ASH_COATED_OSMIUM,XIRECS,9995.0,2,0,724600
728100,,,ASH_COATED_OSMIUM,XIRECS,9999.0,10,0,728100
728400,,,ASH_COATED_OSMIUM,XIRECS,10000.0,9,0,728400
729300,,,ASH_COATED_OSMIUM,XIRECS,10000.0,8,0,729300
730000,,,ASH_COATED_OSMIUM,XIRECS,9999.0,2,0,730000
731100,,,ASH_COATED_OSMIUM,XIRECS,9983.0,5,0,731100
731200,,,ASH_COATED_OSMIUM,XIRECS,9983.0,7,0,731200
732000,,,ASH_COATED_OSMIUM,XIRECS,9982.0,6,0,732000
739900,,,ASH_COATED_OSMIUM,XIRECS,9981.0,4,0,739900
743700,,,ASH_COATED_OSMIUM,XIRECS,9984.0,2,0,743700
743700,,,ASH_COATED_OSMIUM,XIRECS,10003.0,8,0,743700
745000,,,ASH_COATED_OSMIUM,XIRECS,10001.0,6,0,745000
753500,,,ASH_COATED_OSMIUM,XIRECS,9988.0,7,0,753500
755400,,,ASH_COATED_OSMIUM,XIRECS,9989.0,3,0,755400
755800,,,ASH_COATED_OSMIUM,XIRECS,9989.0,2,0,755800
756200,,,ASH_COATED_OSMIUM,XIRECS,9989.0,9,0,756200
757100,,,ASH_COATED_OSMIUM,XIRECS,10006.0,6,0,757100
759600,,,ASH_COATED_OSMIUM,XIRECS,10006.0,3,0,759600
762600,,,ASH_COATED_OSMIUM,XIRECS,9990.0,7,0,762600
765700,,,ASH_COATED_OSMIUM,XIRECS,9989.0,6,0,765700
767500,,,ASH_COATED_OSMIUM,XIRECS,9995.0,3,0,767500
767600,,,ASH_COATED_OSMIUM,XIRECS,10006.0,10,0,767600
769400,,,ASH_COATED_OSMIUM,XIRECS,9991.0,6,0,769400
769500,,,ASH_COATED_OSMIUM,XIRECS,9990.0,7,0,769500
770200,,,ASH_COATED_OSMIUM,XIRECS,9988.0,5,0,770200
773600,,,ASH_COATED_OSMIUM,XIRECS,9992.0,5,0,773600
779300,,,ASH_COATED_OSMIUM,XIRECS,9988.0,4,0,779300
780200,,,ASH_COATED_OSMIUM,XIRECS,9987.0,4,0,780200
780800,,,ASH_COATED_OSMIUM,XIRECS,10006.0,6,0,780800
781500,,,ASH_COATED_OSMIUM,XIRECS,10008.0,3,0,781500
782400,,,ASH_COATED_OSMIUM,XIRECS,9987.0,4,0,782400
782700,,,ASH_COATED_OSMIUM,XIRECS,10004.0,6,0,782700
783400,,,ASH_COATED_OSMIUM,XIRECS,10005.0,2,0,783400
784600,,,ASH_COATED_OSMIUM,XIRECS,10006.0,4,0,784600
787100,,,ASH_COATED_OSMIUM,XIRECS,10008.0,4,0,787100
788800,,,ASH_COATED_OSMIUM,XIRECS,9989.0,6,0,788800
793200,,,ASH_COATED_OSMIUM,XIRECS,10005.0,4,0,793200
794800,,,ASH_COATED_OSMIUM,XIRECS,9990.0,5,0,794800
797200,,,ASH_COATED_OSMIUM,XIRECS,10004.0,10,0,797200
797300,,,ASH_COATED_OSMIUM,XIRECS,10004.0,6,0,797300
798000,,,ASH_COATED_OSMIUM,XIRECS,10006.0,3,0,798000
802800,,,ASH_COATED_OSMIUM,XIRECS,10006.0,5,0,802800
803300,,,ASH_COATED_OSMIUM,XIRECS,10006.0,10,0,803300
804000,,,ASH_COATED_OSMIUM,XIRECS,9987.0,3,0,804000
804400,,,ASH_COATED_OSMIUM,XIRECS,10009.0,4,0,804400
805400,,,ASH_COATED_OSMIUM,XIRECS,10006.0,2,0,805400
808300,,,ASH_COATED_OSMIUM,XIRECS,10010.0,5,0,808300
808600,,,ASH_COATED_OSMIUM,XIRECS,9993.0,2,0,808600
809300,,,ASH_COATED_OSMIUM,XIRECS,10011.0,5,0,809300
812300,,,ASH_COATED_OSMIUM,XIRECS,9991.0,2,0,812300
812600,,,ASH_COATED_OSMIUM,XIRECS,10010.0,2,0,812600
814300,,,ASH_COATED_OSMIUM,XIRECS,9994.0,5,0,814300
815000,,,ASH_COATED_OSMIUM,XIRECS,9994.0,4,0,815000
821100,,,ASH_COATED_OSMIUM,XIRECS,9995.0,9,0,821100
830800,,,ASH_COATED_OSMIUM,XIRECS,9995.0,9,0,830800
831100,,,ASH_COATED_OSMIUM,XIRECS,10012.0,4,0,831100
842100,,,ASH_COATED_OSMIUM,XIRECS,10012.0,5,0,842100
843800,,,ASH_COATED_OSMIUM,XIRECS,10013.0,4,0,843800
852800,,,ASH_COATED_OSMIUM,XIRECS,10007.0,5,0,852800
853100,,,ASH_COATED_OSMIUM,XIRECS,9996.0,5,0,853100
854000,,,ASH_COATED_OSMIUM,XIRECS,10014.0,6,0,854000
856500,,,ASH_COATED_OSMIUM,XIRECS,9992.0,5,0,856500
860600,,,ASH_COATED_OSMIUM,XIRECS,9992.0,2,0,860600
861400,,,ASH_COATED_OSMIUM,XIRECS,9993.0,4,0,861400
861600,,,ASH_COATED_OSMIUM,XIRECS,10009.0,2,0,861600
864000,,,ASH_COATED_OSMIUM,XIRECS,10007.0,3,0,864000
864600,,,ASH_COATED_OSMIUM,XIRECS,9990.0,3,0,864600
871900,,,ASH_COATED_OSMIUM,XIRECS,10009.0,5,0,871900
872600,,,ASH_COATED_OSMIUM,XIRECS,9991.0,3,0,872600
875700,,,ASH_COATED_OSMIUM,XIRECS,9988.0,10,0,875700
880100,,,ASH_COATED_OSMIUM,XIRECS,9992.0,3,0,880100
881300,,,ASH_COATED_OSMIUM,XIRECS,9991.0,4,0,881300
882400,,,ASH_COATED_OSMIUM,XIRECS,10007.0,5,0,882400
883800,,,ASH_COATED_OSMIUM,XIRECS,10006.0,5,0,883800
885400,,,ASH_COATED_OSMIUM,XIRECS,9988.0,2,0,885400
885600,,,ASH_COATED_OSMIUM,XIRECS,10006.0,4,0,885600
890500,,,ASH_COATED_OSMIUM,XIRECS,9988.0,5,0,890500
891900,,,ASH_COATED_OSMIUM,XIRECS,10008.0,6,0,891900
892800,,,ASH_COATED_OSMIUM,XIRECS,9989.0,6,0,892800
903100,,,ASH_COATED_OSMIUM,XIRECS,10011.0,10,0,903100
908600,,,ASH_COATED_OSMIUM,XIRECS,10006.0,4,0,908600
920200,,,ASH_COATED_OSMIUM,XIRECS,10003.0,4,0,920200
922300,,,ASH_COATED_OSMIUM,XIRECS,10001.0,6,0,922300
923500,,,ASH_COATED_OSMIUM,XIRECS,10017.0,8,0,923500
924900,,,ASH_COATED_OSMIUM,XIRECS,10000.0,2,0,924900
924900,,,ASH_COATED_OSMIUM,XIRECS,10016.0,5,0,924900
927400,,,ASH_COATED_OSMIUM,XIRECS,9996.0,9,0,927400
928900,,,ASH_COATED_OSMIUM,XIRECS,10015.0,2,0,928900
929200,,,ASH_COATED_OSMIUM,XIRECS,10004.0,4,0,929200
930200,,,ASH_COATED_OSMIUM,XIRECS,9997.0,3,0,930200
933000,,,ASH_COATED_OSMIUM,XIRECS,10017.0,9,0,933000
934300,,,ASH_COATED_OSMIUM,XIRECS,10015.0,2,0,934300
941400,,,ASH_COATED_OSMIUM,XIRECS,10014.0,6,0,941400
942800,,,ASH_COATED_OSMIUM,XIRECS,10013.0,6,0,942800
944500,,,ASH_COATED_OSMIUM,XIRECS,10015.0,10,0,944500
950000,,,ASH_COATED_OSMIUM,XIRECS,10019.0,4,0,950000
964900,,,ASH_COATED_OSMIUM,XIRECS,10004.0,2,0,964900
966200,,,ASH_COATED_OSMIUM,XIRECS,10003.0,5,0,966200
972600,,,ASH_COATED_OSMIUM,XIRECS,10002.0,3,0,972600
974300,,,ASH_COATED_OSMIUM,XIRECS,10018.0,4,0,974300
980200,,,ASH_COATED_OSMIUM,XIRECS,10000.0,4,0,980200
987400,,,ASH_COATED_OSMIUM,XIRECS,10016.0,9,0,987400
990400,,,ASH_COATED_OSMIUM,XIRECS,10006.0,2,0,990400
991600,,,ASH_COATED_OSMIUM,XIRECS,10018.0,5,0,991600
993100,,,ASH_COATED_OSMIUM,XIRECS,10017.0,3,0,993100
993400,,,ASH_COATED_OSMIUM,XIRECS,10000.0,3,0,993400
998000,,,ASH_COATED_OSMIUM,XIRECS,10000.0,6,0,998000
998400,,,ASH_COATED_OSMIUM,XIRECS,9999.0,5,0,998400
2800,,,ASH_COATED_OSMIUM,XIRECS,9985.0,10,1,102800
5200,,,ASH_COATED_OSMIUM,XIRECS,10004.0,6,1,105200
5200,,,ASH_COATED_OSMIUM,XIRECS,9986.0,9,1,105200
7500,,,ASH_COATED_OSMIUM,XIRECS,10003.0,6,1,107500
9000,,,ASH_COATED_OSMIUM,XIRECS,10004.0,10,1,109000
13000,,,ASH_COATED_OSMIUM,XIRECS,10005.0,2,1,113000
14600,,,ASH_COATED_OSMIUM,XIRECS,10007.0,5,1,114600
14900,,,ASH_COATED_OSMIUM,XIRECS,10007.0,5,1,114900
16600,,,ASH_COATED_OSMIUM,XIRECS,9992.0,2,1,116600
17200,,,ASH_COATED_OSMIUM,XIRECS,9994.0,5,1,117200
18700,,,ASH_COATED_OSMIUM,XIRECS,9998.0,5,1,118700
19300,,,ASH_COATED_OSMIUM,XIRECS,10008.0,3,1,119300
20900,,,ASH_COATED_OSMIUM,XIRECS,9992.0,2,1,120900
21500,,,ASH_COATED_OSMIUM,XIRECS,10008.0,6,1,121500
23100,,,ASH_COATED_OSMIUM,XIRECS,10010.0,5,1,123100
25300,,,ASH_COATED_OSMIUM,XIRECS,10008.0,6,1,125300
25900,,,ASH_COATED_OSMIUM,XIRECS,10009.0,6,1,125900
26300,,,ASH_COATED_OSMIUM,XIRECS,10008.0,9,1,126300
35900,,,ASH_COATED_OSMIUM,XIRECS,9992.0,2,1,135900
44700,,,ASH_COATED_OSMIUM,XIRECS,10008.0,5,1,144700
46700,,,ASH_COATED_OSMIUM,XIRECS,9992.0,6,1,146700
47600,,,ASH_COATED_OSMIUM,XIRECS,9993.0,4,1,147600
50300,,,ASH_COATED_OSMIUM,XIRECS,10008.0,4,1,150300
51200,,,ASH_COATED_OSMIUM,XIRECS,10006.0,7,1,151200
51700,,,ASH_COATED_OSMIUM,XIRECS,10009.0,2,1,151700
52800,,,ASH_COATED_OSMIUM,XIRECS,9990.0,5,1,152800
54200,,,ASH_COATED_OSMIUM,XIRECS,10004.0,6,1,154200
56500,,,ASH_COATED_OSMIUM,XIRECS,10005.0,6,1,156500
57200,,,ASH_COATED_OSMIUM,XIRECS,10001.0,3,1,157200
57700,,,ASH_COATED_OSMIUM,XIRECS,9996.0,8,1,157700
58000,,,ASH_COATED_OSMIUM,XIRECS,10006.0,3,1,158000
62000,,,ASH_COATED_OSMIUM,XIRECS,9989.0,3,1,162000
62400,,,ASH_COATED_OSMIUM,XIRECS,9991.0,2,1,162400
69900,,,ASH_COATED_OSMIUM,XIRECS,9991.0,8,1,169900
71300,,,ASH_COATED_OSMIUM,XIRECS,10007.0,6,1,171300
74000,,,ASH_COATED_OSMIUM,XIRECS,9993.0,3,1,174000
74200,,,ASH_COATED_OSMIUM,XIRECS,9991.0,2,1,174200
75700,,,ASH_COATED_OSMIUM,XIRECS,10010.0,4,1,175700
76600,,,ASH_COATED_OSMIUM,XIRECS,10010.0,4,1,176600
76900,,,ASH_COATED_OSMIUM,XIRECS,10010.0,4,1,176900
77300,,,ASH_COATED_OSMIUM,XIRECS,9993.0,5,1,177300
78000,,,ASH_COATED_OSMIUM,XIRECS,10011.0,2,1,178000
88400,,,ASH_COATED_OSMIUM,XIRECS,10010.0,4,1,188400
89700,,,ASH_COATED_OSMIUM,XIRECS,10013.0,8,1,189700
98200,,,ASH_COATED_OSMIUM,XIRECS,10007.0,9,1,198200
100500,,,ASH_COATED_OSMIUM,XIRECS,9990.0,5,1,200500
101100,,,ASH_COATED_OSMIUM,XIRECS,9990.0,2,1,201100
101900,,,ASH_COATED_OSMIUM,XIRECS,10006.0,6,1,201900
102000,,,ASH_COATED_OSMIUM,XIRECS,9988.0,2,1,202000
103000,,,ASH_COATED_OSMIUM,XIRECS,9992.0,5,1,203000
104800,,,ASH_COATED_OSMIUM,XIRECS,9992.0,6,1,204800
117400,,,ASH_COATED_OSMIUM,XIRECS,10007.0,9,1,217400
118100,,,ASH_COATED_OSMIUM,XIRECS,9991.0,3,1,218100
123500,,,ASH_COATED_OSMIUM,XIRECS,10008.0,6,1,223500
125500,,,ASH_COATED_OSMIUM,XIRECS,9988.0,10,1,225500
126600,,,ASH_COATED_OSMIUM,XIRECS,9988.0,6,1,226600
128900,,,ASH_COATED_OSMIUM,XIRECS,9987.0,3,1,228900
130100,,,ASH_COATED_OSMIUM,XIRECS,9986.0,2,1,230100
130400,,,ASH_COATED_OSMIUM,XIRECS,10002.0,6,1,230400
131300,,,ASH_COATED_OSMIUM,XIRECS,10003.0,10,1,231300
132100,,,ASH_COATED_OSMIUM,XIRECS,9988.0,3,1,232100
137700,,,ASH_COATED_OSMIUM,XIRECS,9989.0,3,1,237700
141100,,,ASH_COATED_OSMIUM,XIRECS,9991.0,3,1,241100
145800,,,ASH_COATED_OSMIUM,XIRECS,10009.0,10,1,245800
145900,,,ASH_COATED_OSMIUM,XIRECS,10012.0,9,1,245900
146600,,,ASH_COATED_OSMIUM,XIRECS,9994.0,2,1,246600
146700,,,ASH_COATED_OSMIUM,XIRECS,10009.0,7,1,246700
147300,,,ASH_COATED_OSMIUM,XIRECS,9993.0,6,1,247300
148400,,,ASH_COATED_OSMIUM,XIRECS,9994.0,6,1,248400
149000,,,ASH_COATED_OSMIUM,XIRECS,10009.0,3,1,249000
152000,,,ASH_COATED_OSMIUM,XIRECS,9992.0,2,1,252000
153700,,,ASH_COATED_OSMIUM,XIRECS,9994.0,5,1,253700
160700,,,ASH_COATED_OSMIUM,XIRECS,10008.0,7,1,260700
161400,,,ASH_COATED_OSMIUM,XIRECS,10009.0,9,1,261400
161900,,,ASH_COATED_OSMIUM,XIRECS,9993.0,6,1,261900
169400,,,ASH_COATED_OSMIUM,XIRECS,9989.0,2,1,269400
175500,,,ASH_COATED_OSMIUM,XIRECS,9993.0,6,1,275500
176900,,,ASH_COATED_OSMIUM,XIRECS,9992.0,2,1,276900
182500,,,ASH_COATED_OSMIUM,XIRECS,9994.0,10,1,282500
184500,,,ASH_COATED_OSMIUM,XIRECS,10011.0,6,1,284500
191400,,,ASH_COATED_OSMIUM,XIRECS,9996.0,6,1,291400
191600,,,ASH_COATED_OSMIUM,XIRECS,9996.0,6,1,291600
193500,,,ASH_COATED_OSMIUM,XIRECS,10002.0,3,1,293500
193700,,,ASH_COATED_OSMIUM,XIRECS,9994.0,3,1,293700
203200,,,ASH_COATED_OSMIUM,XIRECS,9991.0,6,1,303200
206100,,,ASH_COATED_OSMIUM,XIRECS,10009.0,4,1,306100
207700,,,ASH_COATED_OSMIUM,XIRECS,9990.0,5,1,307700
208500,,,ASH_COATED_OSMIUM,XIRECS,10009.0,4,1,308500
216000,,,ASH_COATED_OSMIUM,XIRECS,10008.0,4,1,316000
218000,,,ASH_COATED_OSMIUM,XIRECS,9995.0,3,1,318000
218600,,,ASH_COATED_OSMIUM,XIRECS,10010.0,4,1,318600
219900,,,ASH_COATED_OSMIUM,XIRECS,9991.0,6,1,319900
221000,,,ASH_COATED_OSMIUM,XIRECS,9995.0,8,1,321000
221700,,,ASH_COATED_OSMIUM,XIRECS,10011.0,10,1,321700
222000,,,ASH_COATED_OSMIUM,XIRECS,10011.0,4,1,322000
228800,,,ASH_COATED_OSMIUM,XIRECS,9993.0,3,1,328800
232900,,,ASH_COATED_OSMIUM,XIRECS,10011.0,3,1,332900
235800,,,ASH_COATED_OSMIUM,XIRECS,10013.0,3,1,335800
236300,,,ASH_COATED_OSMIUM,XIRECS,10010.0,4,1,336300
239500,,,ASH_COATED_OSMIUM,XIRECS,10011.0,7,1,339500
240800,,,ASH_COATED_OSMIUM,XIRECS,10012.0,6,1,340800
241800,,,ASH_COATED_OSMIUM,XIRECS,10010.0,3,1,341800
244200,,,ASH_COATED_OSMIUM,XIRECS,10010.0,5,1,344200
245100,,,ASH_COATED_OSMIUM,XIRECS,10012.0,7,1,345100
245800,,,ASH_COATED_OSMIUM,XIRECS,10009.0,6,1,345800
246400,,,ASH_COATED_OSMIUM,XIRECS,10010.0,4,1,346400
250800,,,ASH_COATED_OSMIUM,XIRECS,9992.0,5,1,350800
251100,,,ASH_COATED_OSMIUM,XIRECS,10001.0,3,1,351100
251700,,,ASH_COATED_OSMIUM,XIRECS,9992.0,10,1,351700
253300,,,ASH_COATED_OSMIUM,XIRECS,9992.0,7,1,353300
262200,,,ASH_COATED_OSMIUM,XIRECS,9994.0,2,1,362200
262300,,,ASH_COATED_OSMIUM,XIRECS,10010.0,3,1,362300
262400,,,ASH_COATED_OSMIUM,XIRECS,10010.0,6,1,362400
264100,,,ASH_COATED_OSMIUM,XIRECS,10010.0,6,1,364100
264200,,,ASH_COATED_OSMIUM,XIRECS,10009.0,5,1,364200
273500,,,ASH_COATED_OSMIUM,XIRECS,9999.0,4,1,373500
274200,,,ASH_COATED_OSMIUM,XIRECS,9989.0,6,1,374200
277500,,,ASH_COATED_OSMIUM,XIRECS,10005.0,5,1,377500
279800,,,ASH_COATED_OSMIUM,XIRECS,9992.0,4,1,379800
280500,,,ASH_COATED_OSMIUM,XIRECS,10006.0,5,1,380500
280700,,,ASH_COATED_OSMIUM,XIRECS,10008.0,5,1,380700
285200,,,ASH_COATED_OSMIUM,XIRECS,10007.0,6,1,385200
288100,,,ASH_COATED_OSMIUM,XIRECS,9989.0,5,1,388100
288700,,,ASH_COATED_OSMIUM,XIRECS,9989.0,10,1,388700
290500,,,ASH_COATED_OSMIUM,XIRECS,9988.0,6,1,390500
291800,,,ASH_COATED_OSMIUM,XIRECS,9986.0,6,1,391800
302900,,,ASH_COATED_OSMIUM,XIRECS,9993.0,7,1,402900
306200,,,ASH_COATED_OSMIUM,XIRECS,9992.0,9,1,406200
307800,,,ASH_COATED_OSMIUM,XIRECS,10011.0,6,1,407800
308100,,,ASH_COATED_OSMIUM,XIRECS,9995.0,3,1,408100
310200,,,ASH_COATED_OSMIUM,XIRECS,9996.0,7,1,410200
310300,,,ASH_COATED_OSMIUM,XIRECS,10002.0,5,1,410300
311400,,,ASH_COATED_OSMIUM,XIRECS,9996.0,7,1,411400
312600,,,ASH_COATED_OSMIUM,XIRECS,10012.0,2,1,412600
312900,,,ASH_COATED_OSMIUM,XIRECS,10001.0,5,1,412900
315000,,,ASH_COATED_OSMIUM,XIRECS,10012.0,5,1,415000
315300,,,ASH_COATED_OSMIUM,XIRECS,9997.0,9,1,415300
320700,,,ASH_COATED_OSMIUM,XIRECS,10013.0,10,1,420700
324600,,,ASH_COATED_OSMIUM,XIRECS,9999.0,3,1,424600
325900,,,ASH_COATED_OSMIUM,XIRECS,10018.0,3,1,425900
329600,,,ASH_COATED_OSMIUM,XIRECS,10016.0,3,1,429600
329700,,,ASH_COATED_OSMIUM,XIRECS,10016.0,2,1,429700
329900,,,ASH_COATED_OSMIUM,XIRECS,10000.0,8,1,429900
331400,,,ASH_COATED_OSMIUM,XIRECS,10000.0,5,1,431400
335700,,,ASH_COATED_OSMIUM,XIRECS,10016.0,7,1,435700
336000,,,ASH_COATED_OSMIUM,XIRECS,10016.0,5,1,436000
337000,,,ASH_COATED_OSMIUM,XIRECS,10019.0,10,1,437000
337400,,,ASH_COATED_OSMIUM,XIRECS,10015.0,2,1,437400
348700,,,ASH_COATED_OSMIUM,XIRECS,10013.0,8,1,448700
349700,,,ASH_COATED_OSMIUM,XIRECS,9992.0,6,1,449700
352100,,,ASH_COATED_OSMIUM,XIRECS,10011.0,4,1,452100
352300,,,ASH_COATED_OSMIUM,XIRECS,10011.0,2,1,452300
353900,,,ASH_COATED_OSMIUM,XIRECS,9993.0,5,1,453900
354300,,,ASH_COATED_OSMIUM,XIRECS,9989.0,5,1,454300
355200,,,ASH_COATED_OSMIUM,XIRECS,10007.0,7,1,455200
356300,,,ASH_COATED_OSMIUM,XIRECS,9998.0,4,1,456300
356400,,,ASH_COATED_OSMIUM,XIRECS,9992.0,5,1,456400
358000,,,ASH_COATED_OSMIUM,XIRECS,9997.0,4,1,458000
358400,,,ASH_COATED_OSMIUM,XIRECS,10007.0,10,1,458400
359000,,,ASH_COATED_OSMIUM,XIRECS,10008.0,3,1,459000
359900,,,ASH_COATED_OSMIUM,XIRECS,9992.0,9,1,459900
368500,,,ASH_COATED_OSMIUM,XIRECS,9993.0,3,1,468500
374200,,,ASH_COATED_OSMIUM,XIRECS,9993.0,10,1,474200
374400,,,ASH_COATED_OSMIUM,XIRECS,10009.0,8,1,474400
375600,,,ASH_COATED_OSMIUM,XIRECS,10008.0,4,1,475600
377100,,,ASH_COATED_OSMIUM,XIRECS,10008.0,6,1,477100
377300,,,ASH_COATED_OSMIUM,XIRECS,10009.0,8,1,477300
379500,,,ASH_COATED_OSMIUM,XIRECS,10013.0,10,1,479500
380900,,,ASH_COATED_OSMIUM,XIRECS,9996.0,4,1,480900
386500,,,ASH_COATED_OSMIUM,XIRECS,10011.0,5,1,486500
388100,,,ASH_COATED_OSMIUM,XIRECS,9994.0,8,1,488100
390900,,,ASH_COATED_OSMIUM,XIRECS,9995.0,2,1,490900
393600,,,ASH_COATED_OSMIUM,XIRECS,9997.0,10,1,493600
395100,,,ASH_COATED_OSMIUM,XIRECS,9999.0,2,1,495100
399200,,,ASH_COATED_OSMIUM,XIRECS,9999.0,4,1,499200
400700,,,ASH_COATED_OSMIUM,XIRECS,10015.0,4,1,500700
405700,,,ASH_COATED_OSMIUM,XIRECS,10010.0,4,1,505700
406300,,,ASH_COATED_OSMIUM,XIRECS,9992.0,7,1,506300
407500,,,ASH_COATED_OSMIUM,XIRECS,10012.0,5,1,507500
407600,,,ASH_COATED_OSMIUM,XIRECS,10009.0,8,1,507600
408000,,,ASH_COATED_OSMIUM,XIRECS,10009.0,2,1,508000
411700,,,ASH_COATED_OSMIUM,XIRECS,9993.0,10,1,511700
413100,,,ASH_COATED_OSMIUM,XIRECS,10010.0,7,1,513100
415200,,,ASH_COATED_OSMIUM,XIRECS,10012.0,5,1,515200
418300,,,ASH_COATED_OSMIUM,XIRECS,10009.0,5,1,518300
423400,,,ASH_COATED_OSMIUM,XIRECS,9994.0,6,1,523400
423900,,,ASH_COATED_OSMIUM,XIRECS,9995.0,2,1,523900
424300,,,ASH_COATED_OSMIUM,XIRECS,9994.0,6,1,524300
424400,,,ASH_COATED_OSMIUM,XIRECS,9994.0,6,1,524400
424900,,,ASH_COATED_OSMIUM,XIRECS,10009.0,3,1,524900
426300,,,ASH_COATED_OSMIUM,XIRECS,9991.0,4,1,526300
428300,,,ASH_COATED_OSMIUM,XIRECS,10010.0,5,1,528300
430400,,,ASH_COATED_OSMIUM,XIRECS,10004.0,4,1,530400
430900,,,ASH_COATED_OSMIUM,XIRECS,10014.0,5,1,530900
433200,,,ASH_COATED_OSMIUM,XIRECS,9996.0,4,1,533200
435200,,,ASH_COATED_OSMIUM,XIRECS,10013.0,6,1,535200
438600,,,ASH_COATED_OSMIUM,XIRECS,9998.0,8,1,538600
444300,,,ASH_COATED_OSMIUM,XIRECS,9997.0,3,1,544300
454100,,,ASH_COATED_OSMIUM,XIRECS,10014.0,6,1,554100
469000,,,ASH_COATED_OSMIUM,XIRECS,9993.0,2,1,569000
476700,,,ASH_COATED_OSMIUM,XIRECS,10010.0,9,1,576700
477600,,,ASH_COATED_OSMIUM,XIRECS,9993.0,10,1,577600
483900,,,ASH_COATED_OSMIUM,XIRECS,10009.0,4,1,583900
487100,,,ASH_COATED_OSMIUM,XIRECS,9994.0,3,1,587100
488600,,,ASH_COATED_OSMIUM,XIRECS,9992.0,9,1,588600
491600,,,ASH_COATED_OSMIUM,XIRECS,10010.0,2,1,591600
492600,,,ASH_COATED_OSMIUM,XIRECS,9995.0,5,1,592600
495600,,,ASH_COATED_OSMIUM,XIRECS,10013.0,6,1,595600
495800,,,ASH_COATED_OSMIUM,XIRECS,9997.0,9,1,595800
496100,,,ASH_COATED_OSMIUM,XIRECS,9997.0,3,1,596100
497700,,,ASH_COATED_OSMIUM,XIRECS,10001.0,5,1,597700
500000,,,ASH_COATED_OSMIUM,XIRECS,10011.0,5,1,600000
503500,,,ASH_COATED_OSMIUM,XIRECS,9994.0,4,1,603500
505900,,,ASH_COATED_OSMIUM,XIRECS,9993.0,4,1,605900
506600,,,ASH_COATED_OSMIUM,XIRECS,10009.0,6,1,606600
509900,,,ASH_COATED_OSMIUM,XIRECS,9995.0,2,1,609900
510400,,,ASH_COATED_OSMIUM,XIRECS,9995.0,6,1,610400
516600,,,ASH_COATED_OSMIUM,XIRECS,9996.0,4,1,616600
519100,,,ASH_COATED_OSMIUM,XIRECS,10012.0,5,1,619100
522400,,,ASH_COATED_OSMIUM,XIRECS,9995.0,5,1,622400
524200,,,ASH_COATED_OSMIUM,XIRECS,10012.0,10,1,624200
525200,,,ASH_COATED_OSMIUM,XIRECS,9995.0,5,1,625200
527900,,,ASH_COATED_OSMIUM,XIRECS,10011.0,5,1,627900
531800,,,ASH_COATED_OSMIUM,XIRECS,10013.0,5,1,631800
534100,,,ASH_COATED_OSMIUM,XIRECS,9994.0,2,1,634100
535800,,,ASH_COATED_OSMIUM,XIRECS,9994.0,5,1,635800
536000,,,ASH_COATED_OSMIUM,XIRECS,9994.0,4,1,636000
538800,,,ASH_COATED_OSMIUM,XIRECS,10006.0,5,1,638800
541900,,,ASH_COATED_OSMIUM,XIRECS,10007.0,5,1,641900
545000,,,ASH_COATED_OSMIUM,XIRECS,9991.0,6,1,645000
547600,,,ASH_COATED_OSMIUM,XIRECS,10006.0,2,1,647600
548100,,,ASH_COATED_OSMIUM,XIRECS,10009.0,4,1,648100
549600,,,ASH_COATED_OSMIUM,XIRECS,10005.0,10,1,649600
562200,,,ASH_COATED_OSMIUM,XIRECS,9989.0,2,1,662200
564800,,,ASH_COATED_OSMIUM,XIRECS,9987.0,4,1,664800
567700,,,ASH_COATED_OSMIUM,XIRECS,9989.0,4,1,667700
571600,,,ASH_COATED_OSMIUM,XIRECS,10008.0,5,1,671600
572700,,,ASH_COATED_OSMIUM,XIRECS,10008.0,3,1,672700
573000,,,ASH_COATED_OSMIUM,XIRECS,9991.0,5,1,673000
573400,,,ASH_COATED_OSMIUM,XIRECS,10007.0,3,1,673400
575700,,,ASH_COATED_OSMIUM,XIRECS,10008.0,3,1,675700
581000,,,ASH_COATED_OSMIUM,XIRECS,9989.0,6,1,681000
582600,,,ASH_COATED_OSMIUM,XIRECS,10007.0,4,1,682600
587000,,,ASH_COATED_OSMIUM,XIRECS,10008.0,6,1,687000
588200,,,ASH_COATED_OSMIUM,XIRECS,10002.0,4,1,688200
589500,,,ASH_COATED_OSMIUM,XIRECS,9992.0,3,1,689500
592100,,,ASH_COATED_OSMIUM,XIRECS,9992.0,5,1,692100
594000,,,ASH_COATED_OSMIUM,XIRECS,9989.0,6,1,694000
596100,,,ASH_COATED_OSMIUM,XIRECS,9990.0,9,1,696100
598000,,,ASH_COATED_OSMIUM,XIRECS,9990.0,6,1,698000
605600,,,ASH_COATED_OSMIUM,XIRECS,10008.0,5,1,705600
607000,,,ASH_COATED_OSMIUM,XIRECS,10008.0,2,1,707000
610200,,,ASH_COATED_OSMIUM,XIRECS,9994.0,8,1,710200
614900,,,ASH_COATED_OSMIUM,XIRECS,9995.0,5,1,714900
618000,,,ASH_COATED_OSMIUM,XIRECS,10010.0,6,1,718000
620400,,,ASH_COATED_OSMIUM,XIRECS,9994.0,6,1,720400
621900,,,ASH_COATED_OSMIUM,XIRECS,9994.0,2,1,721900
628200,,,ASH_COATED_OSMIUM,XIRECS,9994.0,4,1,728200
628500,,,ASH_COATED_OSMIUM,XIRECS,10010.0,7,1,728500
636500,,,ASH_COATED_OSMIUM,XIRECS,10013.0,6,1,736500
637800,,,ASH_COATED_OSMIUM,XIRECS,10013.0,5,1,737800
643800,,,ASH_COATED_OSMIUM,XIRECS,9996.0,5,1,743800
644200,,,ASH_COATED_OSMIUM,XIRECS,10013.0,5,1,744200
644600,,,ASH_COATED_OSMIUM,XIRECS,10013.0,8,1,744600
647000,,,ASH_COATED_OSMIUM,XIRECS,10014.0,4,1,747000
647400,,,ASH_COATED_OSMIUM,XIRECS,10015.0,5,1,747400
649900,,,ASH_COATED_OSMIUM,XIRECS,10015.0,6,1,749900
650300,,,ASH_COATED_OSMIUM,XIRECS,9996.0,9,1,750300
651300,,,ASH_COATED_OSMIUM,XIRECS,10015.0,6,1,751300
654500,,,ASH_COATED_OSMIUM,XIRECS,10015.0,5,1,754500
656300,,,ASH_COATED_OSMIUM,XIRECS,10004.0,7,1,756300
657400,,,ASH_COATED_OSMIUM,XIRECS,10016.0,5,1,757400
659600,,,ASH_COATED_OSMIUM,XIRECS,10001.0,4,1,759600
660400,,,ASH_COATED_OSMIUM,XIRECS,10017.0,2,1,760400
660400,,,ASH_COATED_OSMIUM,XIRECS,10001.0,7,1,760400
662400,,,ASH_COATED_OSMIUM,XIRECS,10001.0,5,1,762400
662500,,,ASH_COATED_OSMIUM,XIRECS,10016.0,3,1,762500
663100,,,ASH_COATED_OSMIUM,XIRECS,10017.0,6,1,763100
663200,,,ASH_COATED_OSMIUM,XIRECS,10016.0,4,1,763200
665400,,,ASH_COATED_OSMIUM,XIRECS,10001.0,8,1,765400
667100,,,ASH_COATED_OSMIUM,XIRECS,10018.0,3,1,767100
671500,,,ASH_COATED_OSMIUM,XIRECS,10003.0,5,1,771500
673400,,,ASH_COATED_OSMIUM,XIRECS,10007.0,3,1,773400
677400,,,ASH_COATED_OSMIUM,XIRECS,9999.0,8,1,777400
680400,,,ASH_COATED_OSMIUM,XIRECS,10017.0,6,1,780400
685300,,,ASH_COATED_OSMIUM,XIRECS,10016.0,6,1,785300
689700,,,ASH_COATED_OSMIUM,XIRECS,9998.0,6,1,789700
693400,,,ASH_COATED_OSMIUM,XIRECS,10014.0,8,1,793400
693900,,,ASH_COATED_OSMIUM,XIRECS,10015.0,6,1,793900
694100,,,ASH_COATED_OSMIUM,XIRECS,10016.0,8,1,794100
694300,,,ASH_COATED_OSMIUM,XIRECS,9995.0,2,1,794300
699500,,,ASH_COATED_OSMIUM,XIRECS,9996.0,6,1,799500
705000,,,ASH_COATED_OSMIUM,XIRECS,10005.0,2,1,805000
705600,,,ASH_COATED_OSMIUM,XIRECS,10013.0,3,1,805600
706200,,,ASH_COATED_OSMIUM,XIRECS,10011.0,6,1,806200
708200,,,ASH_COATED_OSMIUM,XIRECS,9995.0,10,1,808200
709100,,,ASH_COATED_OSMIUM,XIRECS,10013.0,2,1,809100
709900,,,ASH_COATED_OSMIUM,XIRECS,9992.0,5,1,809900
710200,,,ASH_COATED_OSMIUM,XIRECS,10008.0,4,1,810200
711100,,,ASH_COATED_OSMIUM,XIRECS,9990.0,3,1,811100
711900,,,ASH_COATED_OSMIUM,XIRECS,10006.0,7,1,811900
714600,,,ASH_COATED_OSMIUM,XIRECS,10009.0,6,1,814600
718200,,,ASH_COATED_OSMIUM,XIRECS,9994.0,7,1,818200
727200,,,ASH_COATED_OSMIUM,XIRECS,9991.0,9,1,827200
729400,,,ASH_COATED_OSMIUM,XIRECS,10007.0,10,1,829400
729500,,,ASH_COATED_OSMIUM,XIRECS,9991.0,4,1,829500
729500,,,ASH_COATED_OSMIUM,XIRECS,9991.0,6,1,829500
731900,,,ASH_COATED_OSMIUM,XIRECS,10008.0,5,1,831900
732800,,,ASH_COATED_OSMIUM,XIRECS,10008.0,2,1,832800
736300,,,ASH_COATED_OSMIUM,XIRECS,9986.0,10,1,836300
740000,,,ASH_COATED_OSMIUM,XIRECS,10005.0,2,1,840000
740200,,,ASH_COATED_OSMIUM,XIRECS,10005.0,9,1,840200
741500,,,ASH_COATED_OSMIUM,XIRECS,10005.0,2,1,841500
742300,,,ASH_COATED_OSMIUM,XIRECS,9987.0,6,1,842300
744200,,,ASH_COATED_OSMIUM,XIRECS,9995.0,4,1,844200
745200,,,ASH_COATED_OSMIUM,XIRECS,10000.0,10,1,845200
745600,,,ASH_COATED_OSMIUM,XIRECS,9985.0,6,1,845600
747500,,,ASH_COATED_OSMIUM,XIRECS,10003.0,2,1,847500
753100,,,ASH_COATED_OSMIUM,XIRECS,9985.0,4,1,853100
759900,,,ASH_COATED_OSMIUM,XIRECS,10001.0,6,1,859900
761900,,,ASH_COATED_OSMIUM,XIRECS,10002.0,9,1,861900
762800,,,ASH_COATED_OSMIUM,XIRECS,9997.0,8,1,862800
765800,,,ASH_COATED_OSMIUM,XIRECS,9994.0,4,1,865800
768500,,,ASH_COATED_OSMIUM,XIRECS,9993.0,2,1,868500
773000,,,ASH_COATED_OSMIUM,XIRECS,9992.0,2,1,873000
774300,,,ASH_COATED_OSMIUM,XIRECS,9995.0,9,1,874300
776200,,,ASH_COATED_OSMIUM,XIRECS,10010.0,4,1,876200
778300,,,ASH_COATED_OSMIUM,XIRECS,9994.0,5,1,878300
778600,,,ASH_COATED_OSMIUM,XIRECS,10009.0,7,1,878600
787800,,,ASH_COATED_OSMIUM,XIRECS,9992.0,3,1,887800
792100,,,ASH_COATED_OSMIUM,XIRECS,9987.0,9,1,892100
797000,,,ASH_COATED_OSMIUM,XIRECS,10003.0,2,1,897000
799500,,,ASH_COATED_OSMIUM,XIRECS,9988.0,2,1,899500
802300,,,ASH_COATED_OSMIUM,XIRECS,9986.0,6,1,902300
805500,,,ASH_COATED_OSMIUM,XIRECS,9986.0,8,1,905500
818800,,,ASH_COATED_OSMIUM,XIRECS,9988.0,2,1,918800
821700,,,ASH_COATED_OSMIUM,XIRECS,10004.0,6,1,921700
826700,,,ASH_COATED_OSMIUM,XIRECS,9982.0,6,1,926700
827600,,,ASH_COATED_OSMIUM,XIRECS,9982.0,2,1,927600
830500,,,ASH_COATED_OSMIUM,XIRECS,9998.0,3,1,930500
830600,,,ASH_COATED_OSMIUM,XIRECS,9998.0,7,1,930600
834000,,,ASH_COATED_OSMIUM,XIRECS,9992.0,3,1,934000
835100,,,ASH_COATED_OSMIUM,XIRECS,10005.0,3,1,935100
840600,,,ASH_COATED_OSMIUM,XIRECS,9988.0,2,1,940600
842600,,,ASH_COATED_OSMIUM,XIRECS,10004.0,3,1,942600
845900,,,ASH_COATED_OSMIUM,XIRECS,9989.0,9,1,945900
847200,,,ASH_COATED_OSMIUM,XIRECS,9989.0,3,1,947200
850900,,,ASH_COATED_OSMIUM,XIRECS,10004.0,5,1,950900
852400,,,ASH_COATED_OSMIUM,XIRECS,9986.0,5,1,952400
855000,,,ASH_COATED_OSMIUM,XIRECS,9989.0,4,1,955000
861700,,,ASH_COATED_OSMIUM,XIRECS,9990.0,3,1,961700
864700,,,ASH_COATED_OSMIUM,XIRECS,10008.0,6,1,964700
865200,,,ASH_COATED_OSMIUM,XIRECS,10006.0,5,1,965200
868300,,,ASH_COATED_OSMIUM,XIRECS,10008.0,4,1,968300
871400,,,ASH_COATED_OSMIUM,XIRECS,9995.0,9,1,971400
873900,,,ASH_COATED_OSMIUM,XIRECS,9992.0,5,1,973900
874900,,,ASH_COATED_OSMIUM,XIRECS,9992.0,7,1,974900
875600,,,ASH_COATED_OSMIUM,XIRECS,9992.0,4,1,975600
875800,,,ASH_COATED_OSMIUM,XIRECS,9992.0,6,1,975800
875900,,,ASH_COATED_OSMIUM,XIRECS,9992.0,6,1,975900
881900,,,ASH_COATED_OSMIUM,XIRECS,10012.0,10,1,981900
883100,,,ASH_COATED_OSMIUM,XIRECS,10010.0,2,1,983100
884800,,,ASH_COATED_OSMIUM,XIRECS,10010.0,8,1,984800
888100,,,ASH_COATED_OSMIUM,XIRECS,9991.0,6,1,988100
888200,,,ASH_COATED_OSMIUM,XIRECS,9994.0,5,1,988200
888600,,,ASH_COATED_OSMIUM,XIRECS,10010.0,2,1,988600
891300,,,ASH_COATED_OSMIUM,XIRECS,10003.0,3,1,991300
896700,,,ASH_COATED_OSMIUM,XIRECS,9993.0,3,1,996700
896900,,,ASH_COATED_OSMIUM,XIRECS,10011.0,10,1,996900
898000,,,ASH_COATED_OSMIUM,XIRECS,10009.0,10,1,998000
898800,,,ASH_COATED_OSMIUM,XIRECS,10008.0,4,1,998800
899100,,,ASH_COATED_OSMIUM,XIRECS,9992.0,9,1,999100
899600,,,ASH_COATED_OSMIUM,XIRECS,10008.0,5,1,999600
902700,,,ASH_COATED_OSMIUM,XIRECS,9987.0,4,1,1002700
904100,,,ASH_COATED_OSMIUM,XIRECS,9991.0,3,1,1004100
904700,,,ASH_COATED_OSMIUM,XIRECS,10005.0,6,1,1004700
907700,,,ASH_COATED_OSMIUM,XIRECS,10007.0,5,1,1007700
911300,,,ASH_COATED_OSMIUM,XIRECS,9990.0,6,1,1011300
912500,,,ASH_COATED_OSMIUM,XIRECS,10007.0,5,1,1012500
914500,,,ASH_COATED_OSMIUM,XIRECS,9986.0,10,1,1014500
914700,,,ASH_COATED_OSMIUM,XIRECS,10006.0,5,1,1014700
915600,,,ASH_COATED_OSMIUM,XIRECS,9990.0,5,1,1015600
917100,,,ASH_COATED_OSMIUM,XIRECS,9990.0,6,1,1017100
919000,,,ASH_COATED_OSMIUM,XIRECS,10005.0,3,1,1019000
920000,,,ASH_COATED_OSMIUM,XIRECS,10006.0,5,1,1020000
921500,,,ASH_COATED_OSMIUM,XIRECS,9989.0,4,1,1021500
922500,,,ASH_COATED_OSMIUM,XIRECS,9988.0,5,1,1022500
922600,,,ASH_COATED_OSMIUM,XIRECS,10008.0,3,1,1022600
925200,,,ASH_COATED_OSMIUM,XIRECS,9989.0,2,1,1025200
929800,,,ASH_COATED_OSMIUM,XIRECS,10004.0,3,1,1029800
934300,,,ASH_COATED_OSMIUM,XIRECS,9990.0,6,1,1034300
935000,,,ASH_COATED_OSMIUM,XIRECS,10007.0,5,1,1035000
935200,,,ASH_COATED_OSMIUM,XIRECS,10005.0,3,1,1035200
936400,,,ASH_COATED_OSMIUM,XIRECS,9987.0,3,1,1036400
936400,,,ASH_COATED_OSMIUM,XIRECS,10006.0,6,1,1036400
937900,,,ASH_COATED_OSMIUM,XIRECS,10006.0,2,1,1037900
939300,,,ASH_COATED_OSMIUM,XIRECS,10006.0,2,1,1039300
939400,,,ASH_COATED_OSMIUM,XIRECS,10008.0,3,1,1039400
939900,,,ASH_COATED_OSMIUM,XIRECS,9990.0,4,1,1039900
940300,,,ASH_COATED_OSMIUM,XIRECS,9990.0,6,1,1040300
940900,,,ASH_COATED_OSMIUM,XIRECS,9991.0,4,1,1040900
940900,,,ASH_COATED_OSMIUM,XIRECS,9991.0,9,1,1040900
948900,,,ASH_COATED_OSMIUM,XIRECS,9995.0,4,1,1048900
951500,,,ASH_COATED_OSMIUM,XIRECS,9996.0,6,1,1051500
952000,,,ASH_COATED_OSMIUM,XIRECS,9995.0,6,1,1052000
952900,,,ASH_COATED_OSMIUM,XIRECS,9992.0,9,1,1052900
954500,,,ASH_COATED_OSMIUM,XIRECS,9995.0,5,1,1054500
954800,,,ASH_COATED_OSMIUM,XIRECS,10010.0,5,1,1054800
954800,,,ASH_COATED_OSMIUM,XIRECS,9994.0,7,1,1054800
955200,,,ASH_COATED_OSMIUM,XIRECS,10010.0,6,1,1055200
955300,,,ASH_COATED_OSMIUM,XIRECS,9995.0,6,1,1055300
962100,,,ASH_COATED_OSMIUM,XIRECS,10015.0,5,1,1062100
968200,,,ASH_COATED_OSMIUM,XIRECS,9995.0,3,1,1068200
968700,,,ASH_COATED_OSMIUM,XIRECS,9994.0,6,1,1068700
969300,,,ASH_COATED_OSMIUM,XIRECS,9995.0,3,1,1069300
973300,,,ASH_COATED_OSMIUM,XIRECS,9994.0,2,1,1073300
983900,,,ASH_COATED_OSMIUM,XIRECS,10012.0,7,1,1083900
984200,,,ASH_COATED_OSMIUM,XIRECS,9996.0,2,1,1084200
987100,,,ASH_COATED_OSMIUM,XIRECS,9996.0,6,1,1087100
988000,,,ASH_COATED_OSMIUM,XIRECS,10011.0,6,1,1088000
988100,,,ASH_COATED_OSMIUM,XIRECS,10011.0,8,1,1088100
994100,,,ASH_COATED_OSMIUM,XIRECS,9993.0,10,1,1094100
995800,,,ASH_COATED_OSMIUM,XIRECS,9993.0,6,1,1095800
997100,,,ASH_COATED_OSMIUM,XIRECS,10009.0,6,1,1097100
997800,,,ASH_COATED_OSMIUM,XIRECS,9994.0,5,1,1097800
700,,,ASH_COATED_OSMIUM,XIRECS,9990.0,6,2,200700
900,,,ASH_COATED_OSMIUM,XIRECS,9998.0,2,2,200900
2500,,,ASH_COATED_OSMIUM,XIRECS,10011.0,8,2,202500
6100,,,ASH_COATED_OSMIUM,XIRECS,10013.0,8,2,206100
12900,,,ASH_COATED_OSMIUM,XIRECS,10001.0,9,2,212900
13800,,,ASH_COATED_OSMIUM,XIRECS,10017.0,3,2,213800
15000,,,ASH_COATED_OSMIUM,XIRECS,10016.0,3,2,215000
15100,,,ASH_COATED_OSMIUM,XIRECS,10016.0,5,2,215100
15900,,,ASH_COATED_OSMIUM,XIRECS,9995.0,9,2,215900
17400,,,ASH_COATED_OSMIUM,XIRECS,10014.0,4,2,217400
18400,,,ASH_COATED_OSMIUM,XIRECS,10018.0,4,2,218400
24000,,,ASH_COATED_OSMIUM,XIRECS,10013.0,6,2,224000
28700,,,ASH_COATED_OSMIUM,XIRECS,10011.0,2,2,228700
28800,,,ASH_COATED_OSMIUM,XIRECS,10011.0,10,2,228800
30700,,,ASH_COATED_OSMIUM,XIRECS,10012.0,6,2,230700
32400,,,ASH_COATED_OSMIUM,XIRECS,10005.0,4,2,232400
33000,,,ASH_COATED_OSMIUM,XIRECS,10013.0,9,2,233000
36600,,,ASH_COATED_OSMIUM,XIRECS,9997.0,6,2,236600
36700,,,ASH_COATED_OSMIUM,XIRECS,10012.0,10,2,236700
40500,,,ASH_COATED_OSMIUM,XIRECS,9997.0,2,2,240500
42000,,,ASH_COATED_OSMIUM,XIRECS,10006.0,4,2,242000
44200,,,ASH_COATED_OSMIUM,XIRECS,10014.0,2,2,244200
45600,,,ASH_COATED_OSMIUM,XIRECS,10011.0,4,2,245600
48000,,,ASH_COATED_OSMIUM,XIRECS,10014.0,10,2,248000
50000,,,ASH_COATED_OSMIUM,XIRECS,10008.0,3,2,250000
50800,,,ASH_COATED_OSMIUM,XIRECS,10015.0,5,2,250800
51400,,,ASH_COATED_OSMIUM,XIRECS,10018.0,8,2,251400
53800,,,ASH_COATED_OSMIUM,XIRECS,9999.0,10,2,253800
55900,,,ASH_COATED_OSMIUM,XIRECS,10013.0,6,2,255900
57600,,,ASH_COATED_OSMIUM,XIRECS,9998.0,6,2,257600
67300,,,ASH_COATED_OSMIUM,XIRECS,9989.0,8,2,267300
69400,,,ASH_COATED_OSMIUM,XIRECS,9987.0,5,2,269400
71700,,,ASH_COATED_OSMIUM,XIRECS,9990.0,8,2,271700
72900,,,ASH_COATED_OSMIUM,XIRECS,9990.0,9,2,272900
73900,,,ASH_COATED_OSMIUM,XIRECS,9991.0,7,2,273900
74500,,,ASH_COATED_OSMIUM,XIRECS,10007.0,9,2,274500
76000,,,ASH_COATED_OSMIUM,XIRECS,10008.0,7,2,276000
79600,,,ASH_COATED_OSMIUM,XIRECS,10008.0,6,2,279600
81200,,,ASH_COATED_OSMIUM,XIRECS,9991.0,6,2,281200
84600,,,ASH_COATED_OSMIUM,XIRECS,9990.0,2,2,284600
86100,,,ASH_COATED_OSMIUM,XIRECS,10007.0,6,2,286100
86200,,,ASH_COATED_OSMIUM,XIRECS,9991.0,4,2,286200
94000,,,ASH_COATED_OSMIUM,XIRECS,10004.0,8,2,294000
94400,,,ASH_COATED_OSMIUM,XIRECS,10004.0,3,2,294400
96300,,,ASH_COATED_OSMIUM,XIRECS,10006.0,8,2,296300
97200,,,ASH_COATED_OSMIUM,XIRECS,9994.0,4,2,297200
97600,,,ASH_COATED_OSMIUM,XIRECS,9999.0,3,2,297600
98200,,,ASH_COATED_OSMIUM,XIRECS,9990.0,3,2,298200
100100,,,ASH_COATED_OSMIUM,XIRECS,9993.0,3,2,300100
101700,,,ASH_COATED_OSMIUM,XIRECS,10001.0,5,2,301700
103900,,,ASH_COATED_OSMIUM,XIRECS,10004.0,4,2,303900
105100,,,ASH_COATED_OSMIUM,XIRECS,9990.0,8,2,305100
105200,,,ASH_COATED_OSMIUM,XIRECS,10005.0,3,2,305200
106000,,,ASH_COATED_OSMIUM,XIRECS,9989.0,4,2,306000
107900,,,ASH_COATED_OSMIUM,XIRECS,9991.0,6,2,307900
108800,,,ASH_COATED_OSMIUM,XIRECS,9990.0,9,2,308800
111800,,,ASH_COATED_OSMIUM,XIRECS,9989.0,6,2,311800
113300,,,ASH_COATED_OSMIUM,XIRECS,9995.0,5,2,313300
113500,,,ASH_COATED_OSMIUM,XIRECS,10010.0,4,2,313500
114100,,,ASH_COATED_OSMIUM,XIRECS,10011.0,10,2,314100
118900,,,ASH_COATED_OSMIUM,XIRECS,9993.0,3,2,318900
119100,,,ASH_COATED_OSMIUM,XIRECS,10010.0,4,2,319100
120000,,,ASH_COATED_OSMIUM,XIRECS,10010.0,8,2,320000
120900,,,ASH_COATED_OSMIUM,XIRECS,10010.0,6,2,320900
122900,,,ASH_COATED_OSMIUM,XIRECS,9991.0,3,2,322900
125200,,,ASH_COATED_OSMIUM,XIRECS,10007.0,3,2,325200
125400,,,ASH_COATED_OSMIUM,XIRECS,9990.0,3,2,325400
133100,,,ASH_COATED_OSMIUM,XIRECS,9991.0,8,2,333100
135800,,,ASH_COATED_OSMIUM,XIRECS,9992.0,2,2,335800
137500,,,ASH_COATED_OSMIUM,XIRECS,9992.0,5,2,337500
139000,,,ASH_COATED_OSMIUM,XIRECS,9988.0,6,2,339000
149800,,,ASH_COATED_OSMIUM,XIRECS,10007.0,6,2,349800
157000,,,ASH_COATED_OSMIUM,XIRECS,10005.0,3,2,357000
160300,,,ASH_COATED_OSMIUM,XIRECS,10004.0,5,2,360300
161600,,,ASH_COATED_OSMIUM,XIRECS,10005.0,2,2,361600
173600,,,ASH_COATED_OSMIUM,XIRECS,9992.0,5,2,373600
174200,,,ASH_COATED_OSMIUM,XIRECS,10007.0,3,2,374200
175000,,,ASH_COATED_OSMIUM,XIRECS,9998.0,3,2,375000
175400,,,ASH_COATED_OSMIUM,XIRECS,10011.0,4,2,375400
179600,,,ASH_COATED_OSMIUM,XIRECS,10009.0,10,2,379600
183600,,,ASH_COATED_OSMIUM,XIRECS,10010.0,10,2,383600
184400,,,ASH_COATED_OSMIUM,XIRECS,10010.0,5,2,384400
184800,,,ASH_COATED_OSMIUM,XIRECS,9993.0,2,2,384800
186400,,,ASH_COATED_OSMIUM,XIRECS,9992.0,5,2,386400
190100,,,ASH_COATED_OSMIUM,XIRECS,10009.0,3,2,390100
190800,,,ASH_COATED_OSMIUM,XIRECS,9991.0,6,2,390800
192800,,,ASH_COATED_OSMIUM,XIRECS,10006.0,5,2,392800
194700,,,ASH_COATED_OSMIUM,XIRECS,9989.0,9,2,394700
197100,,,ASH_COATED_OSMIUM,XIRECS,9987.0,3,2,397100
200600,,,ASH_COATED_OSMIUM,XIRECS,10000.0,6,2,400600
202700,,,ASH_COATED_OSMIUM,XIRECS,9987.0,2,2,402700
203500,,,ASH_COATED_OSMIUM,XIRECS,9996.0,3,2,403500
206500,,,ASH_COATED_OSMIUM,XIRECS,9985.0,3,2,406500
207600,,,ASH_COATED_OSMIUM,XIRECS,10003.0,2,2,407600
208500,,,ASH_COATED_OSMIUM,XIRECS,10003.0,9,2,408500
211000,,,ASH_COATED_OSMIUM,XIRECS,9987.0,2,2,411000
216000,,,ASH_COATED_OSMIUM,XIRECS,9990.0,6,2,416000
216600,,,ASH_COATED_OSMIUM,XIRECS,10006.0,5,2,416600
220300,,,ASH_COATED_OSMIUM,XIRECS,10000.0,2,2,420300
221200,,,ASH_COATED_OSMIUM,XIRECS,9992.0,3,2,421200
224200,,,ASH_COATED_OSMIUM,XIRECS,10009.0,4,2,424200
225700,,,ASH_COATED_OSMIUM,XIRECS,10007.0,4,2,425700
232000,,,ASH_COATED_OSMIUM,XIRECS,10006.0,4,2,432000
232100,,,ASH_COATED_OSMIUM,XIRECS,9990.0,2,2,432100
236400,,,ASH_COATED_OSMIUM,XIRECS,10006.0,9,2,436400
236600,,,ASH_COATED_OSMIUM,XIRECS,9990.0,10,2,436600
236800,,,ASH_COATED_OSMIUM,XIRECS,10006.0,2,2,436800
242400,,,ASH_COATED_OSMIUM,XIRECS,10008.0,5,2,442400
242600,,,ASH_COATED_OSMIUM,XIRECS,10005.0,4,2,442600
244000,,,ASH_COATED_OSMIUM,XIRECS,10005.0,2,2,444000
245900,,,ASH_COATED_OSMIUM,XIRECS,9990.0,3,2,445900
249700,,,ASH_COATED_OSMIUM,XIRECS,9990.0,4,2,449700
253000,,,ASH_COATED_OSMIUM,XIRECS,10007.0,2,2,453000
254100,,,ASH_COATED_OSMIUM,XIRECS,10000.0,4,2,454100
254400,,,ASH_COATED_OSMIUM,XIRECS,9995.0,2,2,454400
255200,,,ASH_COATED_OSMIUM,XIRECS,9989.0,2,2,455200
257500,,,ASH_COATED_OSMIUM,XIRECS,10004.0,5,2,457500
260000,,,ASH_COATED_OSMIUM,XIRECS,10003.0,7,2,460000
260800,,,ASH_COATED_OSMIUM,XIRECS,9987.0,3,2,460800
261600,,,ASH_COATED_OSMIUM,XIRECS,10003.0,4,2,461600
263500,,,ASH_COATED_OSMIUM,XIRECS,9986.0,3,2,463500
269500,,,ASH_COATED_OSMIUM,XIRECS,10002.0,2,2,469500
274300,,,ASH_COATED_OSMIUM,XIRECS,9985.0,5,2,474300
281200,,,ASH_COATED_OSMIUM,XIRECS,9983.0,3,2,481200
281300,,,ASH_COATED_OSMIUM,XIRECS,9983.0,4,2,481300
281600,,,ASH_COATED_OSMIUM,XIRECS,10000.0,5,2,481600
282600,,,ASH_COATED_OSMIUM,XIRECS,10002.0,6,2,482600
285400,,,ASH_COATED_OSMIUM,XIRECS,9987.0,10,2,485400
288300,,,ASH_COATED_OSMIUM,XIRECS,10001.0,7,2,488300
289400,,,ASH_COATED_OSMIUM,XIRECS,9986.0,6,2,489400
291200,,,ASH_COATED_OSMIUM,XIRECS,9986.0,7,2,491200
292200,,,ASH_COATED_OSMIUM,XIRECS,9986.0,2,2,492200
295400,,,ASH_COATED_OSMIUM,XIRECS,10001.0,6,2,495400
297600,,,ASH_COATED_OSMIUM,XIRECS,10003.0,6,2,497600
298600,,,ASH_COATED_OSMIUM,XIRECS,10006.0,2,2,498600
300000,,,ASH_COATED_OSMIUM,XIRECS,10000.0,6,2,500000
300900,,,ASH_COATED_OSMIUM,XIRECS,9982.0,10,2,500900
302000,,,ASH_COATED_OSMIUM,XIRECS,9981.0,6,2,502000
303700,,,ASH_COATED_OSMIUM,XIRECS,10000.0,5,2,503700
304000,,,ASH_COATED_OSMIUM,XIRECS,10000.0,5,2,504000
306100,,,ASH_COATED_OSMIUM,XIRECS,9985.0,9,2,506100
306400,,,ASH_COATED_OSMIUM,XIRECS,10001.0,7,2,506400
313700,,,ASH_COATED_OSMIUM,XIRECS,10000.0,4,2,513700
314200,,,ASH_COATED_OSMIUM,XIRECS,10000.0,4,2,514200
315300,,,ASH_COATED_OSMIUM,XIRECS,10000.0,6,2,515300
316200,,,ASH_COATED_OSMIUM,XIRECS,9985.0,3,2,516200
318800,,,ASH_COATED_OSMIUM,XIRECS,9986.0,7,2,518800
321100,,,ASH_COATED_OSMIUM,XIRECS,10002.0,6,2,521100
324600,,,ASH_COATED_OSMIUM,XIRECS,10002.0,6,2,524600
330800,,,ASH_COATED_OSMIUM,XIRECS,9982.0,6,2,530800
333400,,,ASH_COATED_OSMIUM,XIRECS,9983.0,10,2,533400
333600,,,ASH_COATED_OSMIUM,XIRECS,9999.0,5,2,533600
346700,,,ASH_COATED_OSMIUM,XIRECS,9979.0,3,2,546700
349500,,,ASH_COATED_OSMIUM,XIRECS,9999.0,6,2,549500
351800,,,ASH_COATED_OSMIUM,XIRECS,10003.0,4,2,551800
354200,,,ASH_COATED_OSMIUM,XIRECS,9986.0,6,2,554200
354700,,,ASH_COATED_OSMIUM,XIRECS,10003.0,4,2,554700
355900,,,ASH_COATED_OSMIUM,XIRECS,10006.0,6,2,555900
361700,,,ASH_COATED_OSMIUM,XIRECS,10005.0,2,2,561700
364000,,,ASH_COATED_OSMIUM,XIRECS,10007.0,9,2,564000
367100,,,ASH_COATED_OSMIUM,XIRECS,10007.0,5,2,567100
368100,,,ASH_COATED_OSMIUM,XIRECS,10009.0,6,2,568100
370400,,,ASH_COATED_OSMIUM,XIRECS,9993.0,6,2,570400
370700,,,ASH_COATED_OSMIUM,XIRECS,9993.0,8,2,570700
372600,,,ASH_COATED_OSMIUM,XIRECS,9990.0,6,2,572600
377800,,,ASH_COATED_OSMIUM,XIRECS,10008.0,7,2,577800
379600,,,ASH_COATED_OSMIUM,XIRECS,9994.0,2,2,579600
385000,,,ASH_COATED_OSMIUM,XIRECS,10005.0,4,2,585000
387100,,,ASH_COATED_OSMIUM,XIRECS,10010.0,3,2,587100
387100,,,ASH_COATED_OSMIUM,XIRECS,9994.0,5,2,587100
390000,,,ASH_COATED_OSMIUM,XIRECS,9995.0,5,2,590000
391500,,,ASH_COATED_OSMIUM,XIRECS,9992.0,7,2,591500
394100,,,ASH_COATED_OSMIUM,XIRECS,10013.0,7,2,594100
395900,,,ASH_COATED_OSMIUM,XIRECS,9996.0,3,2,595900
396400,,,ASH_COATED_OSMIUM,XIRECS,9996.0,8,2,596400
399900,,,ASH_COATED_OSMIUM,XIRECS,9995.0,9,2,599900
401400,,,ASH_COATED_OSMIUM,XIRECS,9995.0,6,2,601400
402300,,,ASH_COATED_OSMIUM,XIRECS,10014.0,7,2,602300
403200,,,ASH_COATED_OSMIUM,XIRECS,9999.0,5,2,603200
404200,,,ASH_COATED_OSMIUM,XIRECS,10010.0,6,2,604200
412200,,,ASH_COATED_OSMIUM,XIRECS,9997.0,2,2,612200
414900,,,ASH_COATED_OSMIUM,XIRECS,9998.0,8,2,614900
416800,,,ASH_COATED_OSMIUM,XIRECS,10018.0,9,2,616800
417000,,,ASH_COATED_OSMIUM,XIRECS,10000.0,6,2,617000
418000,,,ASH_COATED_OSMIUM,XIRECS,10018.0,6,2,618000
436300,,,ASH_COATED_OSMIUM,XIRECS,9999.0,3,2,636300
438600,,,ASH_COATED_OSMIUM,XIRECS,9995.0,6,2,638600
439300,,,ASH_COATED_OSMIUM,XIRECS,9992.0,10,2,639300
441100,,,ASH_COATED_OSMIUM,XIRECS,9994.0,7,2,641100
444100,,,ASH_COATED_OSMIUM,XIRECS,10008.0,4,2,644100
447000,,,ASH_COATED_OSMIUM,XIRECS,10009.0,9,2,647000
449800,,,ASH_COATED_OSMIUM,XIRECS,9989.0,3,2,649800
450700,,,ASH_COATED_OSMIUM,XIRECS,10007.0,6,2,650700
452000,,,ASH_COATED_OSMIUM,XIRECS,10006.0,2,2,652000
453900,,,ASH_COATED_OSMIUM,XIRECS,9992.0,2,2,653900
454100,,,ASH_COATED_OSMIUM,XIRECS,10007.0,6,2,654100
454200,,,ASH_COATED_OSMIUM,XIRECS,9997.0,3,2,654200
454800,,,ASH_COATED_OSMIUM,XIRECS,9993.0,4,2,654800
455100,,,ASH_COATED_OSMIUM,XIRECS,9993.0,7,2,655100
455800,,,ASH_COATED_OSMIUM,XIRECS,9993.0,5,2,655800
460600,,,ASH_COATED_OSMIUM,XIRECS,10010.0,6,2,660600
462400,,,ASH_COATED_OSMIUM,XIRECS,10010.0,6,2,662400
463200,,,ASH_COATED_OSMIUM,XIRECS,9993.0,3,2,663200
469900,,,ASH_COATED_OSMIUM,XIRECS,9992.0,2,2,669900
472500,,,ASH_COATED_OSMIUM,XIRECS,9994.0,5,2,672500
473000,,,ASH_COATED_OSMIUM,XIRECS,10010.0,5,2,673000
475900,,,ASH_COATED_OSMIUM,XIRECS,10009.0,5,2,675900
479000,,,ASH_COATED_OSMIUM,XIRECS,9991.0,2,2,679000
479500,,,ASH_COATED_OSMIUM,XIRECS,10010.0,4,2,679500
481100,,,ASH_COATED_OSMIUM,XIRECS,9995.0,3,2,681100
481400,,,ASH_COATED_OSMIUM,XIRECS,9994.0,6,2,681400
483200,,,ASH_COATED_OSMIUM,XIRECS,10011.0,3,2,683200
485200,,,ASH_COATED_OSMIUM,XIRECS,10012.0,4,2,685200
486000,,,ASH_COATED_OSMIUM,XIRECS,9992.0,4,2,686000
491100,,,ASH_COATED_OSMIUM,XIRECS,10003.0,2,2,691100
493600,,,ASH_COATED_OSMIUM,XIRECS,9986.0,3,2,693600
495400,,,ASH_COATED_OSMIUM,XIRECS,10005.0,3,2,695400
496700,,,ASH_COATED_OSMIUM,XIRECS,9988.0,3,2,696700
498400,,,ASH_COATED_OSMIUM,XIRECS,9985.0,4,2,698400
499700,,,ASH_COATED_OSMIUM,XIRECS,10002.0,9,2,699700
503300,,,ASH_COATED_OSMIUM,XIRECS,9983.0,3,2,703300
504200,,,ASH_COATED_OSMIUM,XIRECS,9986.0,6,2,704200
506600,,,ASH_COATED_OSMIUM,XIRECS,9984.0,7,2,706600
512400,,,ASH_COATED_OSMIUM,XIRECS,10000.0,7,2,712400
515100,,,ASH_COATED_OSMIUM,XIRECS,9984.0,6,2,715100
515800,,,ASH_COATED_OSMIUM,XIRECS,9982.0,6,2,715800
516500,,,ASH_COATED_OSMIUM,XIRECS,9997.0,3,2,716500
517000,,,ASH_COATED_OSMIUM,XIRECS,9998.0,4,2,717000
524900,,,ASH_COATED_OSMIUM,XIRECS,9986.0,3,2,724900
525600,,,ASH_COATED_OSMIUM,XIRECS,9986.0,8,2,725600
526400,,,ASH_COATED_OSMIUM,XIRECS,10006.0,4,2,726400
526900,,,ASH_COATED_OSMIUM,XIRECS,9986.0,6,2,726900
528200,,,ASH_COATED_OSMIUM,XIRECS,9986.0,4,2,728200
528400,,,ASH_COATED_OSMIUM,XIRECS,10002.0,6,2,728400
529500,,,ASH_COATED_OSMIUM,XIRECS,9987.0,9,2,729500
530500,,,ASH_COATED_OSMIUM,XIRECS,10003.0,4,2,730500
531300,,,ASH_COATED_OSMIUM,XIRECS,9987.0,6,2,731300
532800,,,ASH_COATED_OSMIUM,XIRECS,9992.0,2,2,732800
532900,,,ASH_COATED_OSMIUM,XIRECS,10002.0,4,2,732900
534200,,,ASH_COATED_OSMIUM,XIRECS,9986.0,6,2,734200
537900,,,ASH_COATED_OSMIUM,XIRECS,9985.0,10,2,737900
539300,,,ASH_COATED_OSMIUM,XIRECS,10003.0,8,2,739300
543700,,,ASH_COATED_OSMIUM,XIRECS,9984.0,6,2,743700
543700,,,ASH_COATED_OSMIUM,XIRECS,9984.0,6,2,743700
543900,,,ASH_COATED_OSMIUM,XIRECS,9984.0,2,2,743900
545500,,,ASH_COATED_OSMIUM,XIRECS,9992.0,3,2,745500
546300,,,ASH_COATED_OSMIUM,XIRECS,10001.0,3,2,746300
547500,,,ASH_COATED_OSMIUM,XIRECS,9982.0,8,2,747500
548400,,,ASH_COATED_OSMIUM,XIRECS,9979.0,9,2,748400
549600,,,ASH_COATED_OSMIUM,XIRECS,9998.0,5,2,749600
551300,,,ASH_COATED_OSMIUM,XIRECS,9984.0,5,2,751300
554800,,,ASH_COATED_OSMIUM,XIRECS,9998.0,2,2,754800
556700,,,ASH_COATED_OSMIUM,XIRECS,9984.0,6,2,756700
557600,,,ASH_COATED_OSMIUM,XIRECS,9999.0,4,2,757600
565000,,,ASH_COATED_OSMIUM,XIRECS,9999.0,4,2,765000
566200,,,ASH_COATED_OSMIUM,XIRECS,9983.0,10,2,766200
567300,,,ASH_COATED_OSMIUM,XIRECS,10001.0,8,2,767300
571800,,,ASH_COATED_OSMIUM,XIRECS,9986.0,3,2,771800
573700,,,ASH_COATED_OSMIUM,XIRECS,9988.0,10,2,773700
573900,,,ASH_COATED_OSMIUM,XIRECS,10007.0,5,2,773900
574500,,,ASH_COATED_OSMIUM,XIRECS,10007.0,6,2,774500
578700,,,ASH_COATED_OSMIUM,XIRECS,9993.0,4,2,778700
583300,,,ASH_COATED_OSMIUM,XIRECS,9987.0,6,2,783300
587000,,,ASH_COATED_OSMIUM,XIRECS,9999.0,6,2,787000
599500,,,ASH_COATED_OSMIUM,XIRECS,9996.0,3,2,799500
606100,,,ASH_COATED_OSMIUM,XIRECS,9983.0,4,2,806100
609300,,,ASH_COATED_OSMIUM,XIRECS,9983.0,6,2,809300
610500,,,ASH_COATED_OSMIUM,XIRECS,9996.0,4,2,810500
611500,,,ASH_COATED_OSMIUM,XIRECS,9986.0,8,2,811500
612200,,,ASH_COATED_OSMIUM,XIRECS,10004.0,3,2,812200
623800,,,ASH_COATED_OSMIUM,XIRECS,10003.0,5,2,823800
624100,,,ASH_COATED_OSMIUM,XIRECS,9987.0,4,2,824100
624700,,,ASH_COATED_OSMIUM,XIRECS,10004.0,4,2,824700
635000,,,ASH_COATED_OSMIUM,XIRECS,10007.0,9,2,835000
637400,,,ASH_COATED_OSMIUM,XIRECS,9989.0,2,2,837400
638000,,,ASH_COATED_OSMIUM,XIRECS,9987.0,8,2,838000
642800,,,ASH_COATED_OSMIUM,XIRECS,9988.0,6,2,842800
644300,,,ASH_COATED_OSMIUM,XIRECS,10004.0,2,2,844300
645800,,,ASH_COATED_OSMIUM,XIRECS,10005.0,10,2,845800
648100,,,ASH_COATED_OSMIUM,XIRECS,10006.0,3,2,848100
648300,,,ASH_COATED_OSMIUM,XIRECS,9988.0,10,2,848300
648800,,,ASH_COATED_OSMIUM,XIRECS,10005.0,5,2,848800
649200,,,ASH_COATED_OSMIUM,XIRECS,10005.0,4,2,849200
653100,,,ASH_COATED_OSMIUM,XIRECS,10004.0,4,2,853100
656500,,,ASH_COATED_OSMIUM,XIRECS,9990.0,9,2,856500
657300,,,ASH_COATED_OSMIUM,XIRECS,9996.0,3,2,857300
658600,,,ASH_COATED_OSMIUM,XIRECS,10006.0,2,2,858600
659500,,,ASH_COATED_OSMIUM,XIRECS,9988.0,6,2,859500
659700,,,ASH_COATED_OSMIUM,XIRECS,10007.0,5,2,859700
660600,,,ASH_COATED_OSMIUM,XIRECS,10006.0,2,2,860600
662300,,,ASH_COATED_OSMIUM,XIRECS,10005.0,3,2,862300
664800,,,ASH_COATED_OSMIUM,XIRECS,9988.0,4,2,864800
669700,,,ASH_COATED_OSMIUM,XIRECS,10005.0,10,2,869700
671900,,,ASH_COATED_OSMIUM,XIRECS,9984.0,3,2,871900
674700,,,ASH_COATED_OSMIUM,XIRECS,10003.0,5,2,874700
679200,,,ASH_COATED_OSMIUM,XIRECS,9985.0,7,2,879200
680000,,,ASH_COATED_OSMIUM,XIRECS,10004.0,6,2,880000
687000,,,ASH_COATED_OSMIUM,XIRECS,10005.0,8,2,887000
687900,,,ASH_COATED_OSMIUM,XIRECS,9990.0,4,2,887900
694200,,,ASH_COATED_OSMIUM,XIRECS,9992.0,3,2,894200
698100,,,ASH_COATED_OSMIUM,XIRECS,9991.0,2,2,898100
699900,,,ASH_COATED_OSMIUM,XIRECS,9991.0,9,2,899900
700600,,,ASH_COATED_OSMIUM,XIRECS,9991.0,3,2,900600
706600,,,ASH_COATED_OSMIUM,XIRECS,10011.0,9,2,906600
710100,,,ASH_COATED_OSMIUM,XIRECS,9992.0,3,2,910100
710500,,,ASH_COATED_OSMIUM,XIRECS,10008.0,6,2,910500
712400,,,ASH_COATED_OSMIUM,XIRECS,9991.0,5,2,912400
713700,,,ASH_COATED_OSMIUM,XIRECS,9990.0,4,2,913700
714000,,,ASH_COATED_OSMIUM,XIRECS,10004.0,7,2,914000
715000,,,ASH_COATED_OSMIUM,XIRECS,9989.0,5,2,915000
715700,,,ASH_COATED_OSMIUM,XIRECS,9998.0,3,2,915700
721600,,,ASH_COATED_OSMIUM,XIRECS,10006.0,5,2,921600
722300,,,ASH_COATED_OSMIUM,XIRECS,9990.0,5,2,922300
722800,,,ASH_COATED_OSMIUM,XIRECS,10009.0,2,2,922800
723600,,,ASH_COATED_OSMIUM,XIRECS,9991.0,6,2,923600
729700,,,ASH_COATED_OSMIUM,XIRECS,10008.0,4,2,929700
731100,,,ASH_COATED_OSMIUM,XIRECS,9988.0,3,2,931100
735400,,,ASH_COATED_OSMIUM,XIRECS,9989.0,6,2,935400
745600,,,ASH_COATED_OSMIUM,XIRECS,10006.0,2,2,945600
750000,,,ASH_COATED_OSMIUM,XIRECS,9988.0,9,2,950000
752600,,,ASH_COATED_OSMIUM,XIRECS,10003.0,6,2,952600
752900,,,ASH_COATED_OSMIUM,XIRECS,9988.0,3,2,952900
753100,,,ASH_COATED_OSMIUM,XIRECS,10005.0,7,2,953100
753400,,,ASH_COATED_OSMIUM,XIRECS,10004.0,2,2,953400
756700,,,ASH_COATED_OSMIUM,XIRECS,10004.0,6,2,956700
756700,,,ASH_COATED_OSMIUM,XIRECS,10004.0,7,2,956700
759200,,,ASH_COATED_OSMIUM,XIRECS,10005.0,2,2,959200
759300,,,ASH_COATED_OSMIUM,XIRECS,9989.0,5,2,959300
760600,,,ASH_COATED_OSMIUM,XIRECS,10005.0,5,2,960600
762200,,,ASH_COATED_OSMIUM,XIRECS,10005.0,2,2,962200
763400,,,ASH_COATED_OSMIUM,XIRECS,9989.0,2,2,963400
764800,,,ASH_COATED_OSMIUM,XIRECS,9988.0,8,2,964800
765200,,,ASH_COATED_OSMIUM,XIRECS,10003.0,5,2,965200
768500,,,ASH_COATED_OSMIUM,XIRECS,10004.0,9,2,968500
773100,,,ASH_COATED_OSMIUM,XIRECS,10005.0,6,2,973100
774200,,,ASH_COATED_OSMIUM,XIRECS,9990.0,4,2,974200
775300,,,ASH_COATED_OSMIUM,XIRECS,10005.0,5,2,975300
776400,,,ASH_COATED_OSMIUM,XIRECS,9990.0,2,2,976400
776700,,,ASH_COATED_OSMIUM,XIRECS,9989.0,6,2,976700
777000,,,ASH_COATED_OSMIUM,XIRECS,10008.0,6,2,977000
778400,,,ASH_COATED_OSMIUM,XIRECS,9995.0,5,2,978400
786600,,,ASH_COATED_OSMIUM,XIRECS,9989.0,2,2,986600
788400,,,ASH_COATED_OSMIUM,XIRECS,10003.0,5,2,988400
790200,,,ASH_COATED_OSMIUM,XIRECS,9988.0,3,2,990200
791700,,,ASH_COATED_OSMIUM,XIRECS,9987.0,2,2,991700
792800,,,ASH_COATED_OSMIUM,XIRECS,10005.0,7,2,992800
795100,,,ASH_COATED_OSMIUM,XIRECS,9987.0,3,2,995100
796500,,,ASH_COATED_OSMIUM,XIRECS,9986.0,4,2,996500
799600,,,ASH_COATED_OSMIUM,XIRECS,10006.0,7,2,999600
800100,,,ASH_COATED_OSMIUM,XIRECS,9988.0,3,2,1000100
801800,,,ASH_COATED_OSMIUM,XIRECS,9987.0,2,2,1001800
803900,,,ASH_COATED_OSMIUM,XIRECS,9986.0,2,2,1003900
804900,,,ASH_COATED_OSMIUM,XIRECS,10003.0,5,2,1004900
808400,,,ASH_COATED_OSMIUM,XIRECS,10001.0,8,2,1008400
809500,,,ASH_COATED_OSMIUM,XIRECS,9999.0,3,2,1009500
814300,,,ASH_COATED_OSMIUM,XIRECS,10002.0,3,2,1014300
817900,,,ASH_COATED_OSMIUM,XIRECS,9988.0,10,2,1017900
821000,,,ASH_COATED_OSMIUM,XIRECS,9998.0,4,2,1021000
822700,,,ASH_COATED_OSMIUM,XIRECS,10005.0,7,2,1022700
830100,,,ASH_COATED_OSMIUM,XIRECS,9990.0,5,2,1030100
830500,,,ASH_COATED_OSMIUM,XIRECS,10009.0,6,2,1030500
830700,,,ASH_COATED_OSMIUM,XIRECS,9991.0,9,2,1030700
831800,,,ASH_COATED_OSMIUM,XIRECS,10011.0,2,2,1031800
832300,,,ASH_COATED_OSMIUM,XIRECS,10010.0,4,2,1032300
833300,,,ASH_COATED_OSMIUM,XIRECS,9996.0,8,2,1033300
834300,,,ASH_COATED_OSMIUM,XIRECS,10011.0,5,2,1034300
835200,,,ASH_COATED_OSMIUM,XIRECS,10011.0,2,2,1035200
836900,,,ASH_COATED_OSMIUM,XIRECS,9995.0,5,2,1036900
837000,,,ASH_COATED_OSMIUM,XIRECS,10014.0,4,2,1037000
840000,,,ASH_COATED_OSMIUM,XIRECS,10010.0,5,2,1040000
841100,,,ASH_COATED_OSMIUM,XIRECS,9995.0,5,2,1041100
842200,,,ASH_COATED_OSMIUM,XIRECS,9996.0,5,2,1042200
846300,,,ASH_COATED_OSMIUM,XIRECS,10011.0,5,2,1046300
850000,,,ASH_COATED_OSMIUM,XIRECS,9996.0,10,2,1050000
850600,,,ASH_COATED_OSMIUM,XIRECS,9992.0,3,2,1050600
851200,,,ASH_COATED_OSMIUM,XIRECS,10011.0,6,2,1051200
853400,,,ASH_COATED_OSMIUM,XIRECS,9993.0,4,2,1053400
858400,,,ASH_COATED_OSMIUM,XIRECS,9993.0,5,2,1058400
858600,,,ASH_COATED_OSMIUM,XIRECS,9993.0,5,2,1058600
858600,,,ASH_COATED_OSMIUM,XIRECS,9993.0,5,2,1058600
867300,,,ASH_COATED_OSMIUM,XIRECS,9997.0,8,2,1067300
874800,,,ASH_COATED_OSMIUM,XIRECS,10013.0,2,2,1074800
876400,,,ASH_COATED_OSMIUM,XIRECS,10013.0,2,2,1076400
878100,,,ASH_COATED_OSMIUM,XIRECS,10012.0,4,2,1078100
891300,,,ASH_COATED_OSMIUM,XIRECS,10008.0,10,2,1091300
892800,,,ASH_COATED_OSMIUM,XIRECS,10008.0,5,2,1092800
895700,,,ASH_COATED_OSMIUM,XIRECS,10010.0,4,2,1095700
898400,,,ASH_COATED_OSMIUM,XIRECS,9995.0,9,2,1098400
901700,,,ASH_COATED_OSMIUM,XIRECS,9993.0,3,2,1101700
902500,,,ASH_COATED_OSMIUM,XIRECS,9994.0,4,2,1102500
902700,,,ASH_COATED_OSMIUM,XIRECS,9995.0,3,2,1102700
903500,,,ASH_COATED_OSMIUM,XIRECS,9994.0,5,2,1103500
905800,,,ASH_COATED_OSMIUM,XIRECS,9995.0,2,2,1105800
906100,,,ASH_COATED_OSMIUM,XIRECS,10010.0,6,2,1106100
910600,,,ASH_COATED_OSMIUM,XIRECS,9994.0,7,2,1110600
914300,,,ASH_COATED_OSMIUM,XIRECS,9993.0,4,2,1114300
917400,,,ASH_COATED_OSMIUM,XIRECS,9994.0,5,2,1117400
923300,,,ASH_COATED_OSMIUM,XIRECS,10006.0,3,2,1123300
924600,,,ASH_COATED_OSMIUM,XIRECS,9996.0,3,2,1124600
931300,,,ASH_COATED_OSMIUM,XIRECS,10013.0,8,2,1131300
932500,,,ASH_COATED_OSMIUM,XIRECS,9995.0,8,2,1132500
933500,,,ASH_COATED_OSMIUM,XIRECS,10013.0,9,2,1133500
933700,,,ASH_COATED_OSMIUM,XIRECS,10012.0,6,2,1133700
936100,,,ASH_COATED_OSMIUM,XIRECS,9995.0,4,2,1136100
940100,,,ASH_COATED_OSMIUM,XIRECS,9999.0,10,2,1140100
940600,,,ASH_COATED_OSMIUM,XIRECS,9999.0,6,2,1140600
943100,,,ASH_COATED_OSMIUM,XIRECS,9999.0,6,2,1143100
943600,,,ASH_COATED_OSMIUM,XIRECS,10004.0,2,2,1143600
943900,,,ASH_COATED_OSMIUM,XIRECS,9998.0,5,2,1143900
946000,,,ASH_COATED_OSMIUM,XIRECS,9998.0,5,2,1146000
951300,,,ASH_COATED_OSMIUM,XIRECS,9995.0,6,2,1151300
956100,,,ASH_COATED_OSMIUM,XIRECS,10010.0,6,2,1156100
957400,,,ASH_COATED_OSMIUM,XIRECS,10006.0,4,2,1157400
959400,,,ASH_COATED_OSMIUM,XIRECS,10006.0,4,2,1159400
960200,,,ASH_COATED_OSMIUM,XIRECS,9989.0,6,2,1160200
963200,,,ASH_COATED_OSMIUM,XIRECS,10005.0,6,2,1163200
964800,,,ASH_COATED_OSMIUM,XIRECS,10006.0,6,2,1164800
966000,,,ASH_COATED_OSMIUM,XIRECS,9987.0,6,2,1166000
967000,,,ASH_COATED_OSMIUM,XIRECS,10004.0,8,2,1167000
973400,,,ASH_COATED_OSMIUM,XIRECS,9986.0,8,2,1173400
973700,,,ASH_COATED_OSMIUM,XIRECS,10002.0,2,2,1173700
974900,,,ASH_COATED_OSMIUM,XIRECS,9986.0,6,2,1174900
976500,,,ASH_COATED_OSMIUM,XIRECS,9985.0,6,2,1176500
977100,,,ASH_COATED_OSMIUM,XIRECS,10001.0,7,2,1177100
980800,,,ASH_COATED_OSMIUM,XIRECS,10000.0,3,2,1180800
988000,,,ASH_COATED_OSMIUM,XIRECS,9981.0,4,2,1188000
992000,,,ASH_COATED_OSMIUM,XIRECS,9983.0,4,2,1192000
994200,,,ASH_COATED_OSMIUM,XIRECS,10002.0,2,2,1194200
995300,,,ASH_COATED_OSMIUM,XIRECS,10001.0,6,2,1195300
