timestamp,buyer,seller,symbol,currency,price,quantity
200,,,INTARIAN_PEPPER_ROOT,XIRECS,12007.0,5
3300,,,INTARIAN_PEPPER_ROOT,XIRECS,12010.0,7
4100,,,INTARIAN_PEPPER_ROOT,XIRECS,11998.0,6
6800,,,INTARIAN_PEPPER_ROOT,XIRECS,12000.0,5
9300,,,INTARIAN_PEPPER_ROOT,XIRECS,12005.0,6
11900,,,INTARIAN_PEPPER_ROOT,XIRECS,12015.0,4
22500,,,INTARIAN_PEPPER_ROOT,XIRECS,12018.0,4
23100,,,INTARIAN_PEPPER_ROOT,XIRECS,12014.0,5
23200,,,INTARIAN_PEPPER_ROOT,XIRECS,12019.0,4
28400,,,INTARIAN_PEPPER_ROOT,XIRECS,12024.0,8
36900,,,INTARIAN_PEPPER_ROOT,XIRECS,12030.0,3
37200,,,INTARIAN_PEPPER_ROOT,XIRECS,12031.0,4
37300,,,INTARIAN_PEPPER_ROOT,XIRECS,12033.0,5
38200,,,INTARIAN_PEPPER_ROOT,XIRECS,12034.0,5
38400,,,INTARIAN_PEPPER_ROOT,XIRECS,12042.0,3
39200,,,INTARIAN_PEPPER_ROOT,XIRECS,12033.0,3
40500,,,INTARIAN_PEPPER_ROOT,XIRECS,12036.0,7
47900,,,INTARIAN_PEPPER_ROOT,XIRECS,12044.0,4
49200,,,INTARIAN_PEPPER_ROOT,XIRECS,12056.0,5
53200,,,INTARIAN_PEPPER_ROOT,XIRECS,12063.0,5
65600,,,INTARIAN_PEPPER_ROOT,XIRECS,12069.0,8
65800,,,INTARIAN_PEPPER_ROOT,XIRECS,12059.0,4
67100,,,INTARIAN_PEPPER_ROOT,XIRECS,12061.0,4
68200,,,INTARIAN_PEPPER_ROOT,XIRECS,12059.0,3
74500,,,INTARIAN_PEPPER_ROOT,XIRECS,12081.0,6
75000,,,INTARIAN_PEPPER_ROOT,XIRECS,12068.0,5
77900,,,INTARIAN_PEPPER_ROOT,XIRECS,12071.0,4
79800,,,INTARIAN_PEPPER_ROOT,XIRECS,12073.0,6
85300,,,INTARIAN_PEPPER_ROOT,XIRECS,12088.0,6
86800,,,INTARIAN_PEPPER_ROOT,XIRECS,12090.0,5
92600,,,INTARIAN_PEPPER_ROOT,XIRECS,12096.0,5
96000,,,INTARIAN_PEPPER_ROOT,XIRECS,12089.0,7
96900,,,INTARIAN_PEPPER_ROOT,XIRECS,12103.0,4
100000,,,INTARIAN_PEPPER_ROOT,XIRECS,12103.0,4
100100,,,INTARIAN_PEPPER_ROOT,XIRECS,12107.0,7
102600,,,INTARIAN_PEPPER_ROOT,XIRECS,12098.0,4
110100,,,INTARIAN_PEPPER_ROOT,XIRECS,12117.0,7
113600,,,INTARIAN_PEPPER_ROOT,XIRECS,12120.0,7
115400,,,INTARIAN_PEPPER_ROOT,XIRECS,12122.0,6
118200,,,INTARIAN_PEPPER_ROOT,XIRECS,12125.0,6
126000,,,INTARIAN_PEPPER_ROOT,XIRECS,12119.0,5
128400,,,INTARIAN_PEPPER_ROOT,XIRECS,12122.0,7
139000,,,INTARIAN_PEPPER_ROOT,XIRECS,12146.0,3
139400,,,INTARIAN_PEPPER_ROOT,XIRECS,12133.0,7
141700,,,INTARIAN_PEPPER_ROOT,XIRECS,12145.0,6
142400,,,INTARIAN_PEPPER_ROOT,XIRECS,12138.0,5
143400,,,INTARIAN_PEPPER_ROOT,XIRECS,12137.0,7
147600,,,INTARIAN_PEPPER_ROOT,XIRECS,12154.0,6
147700,,,INTARIAN_PEPPER_ROOT,XIRECS,12154.0,3
148100,,,INTARIAN_PEPPER_ROOT,XIRECS,12144.0,3
148700,,,INTARIAN_PEPPER_ROOT,XIRECS,12145.0,8
150500,,,INTARIAN_PEPPER_ROOT,XIRECS,12144.0,6
159500,,,INTARIAN_PEPPER_ROOT,XIRECS,12153.0,7
170000,,,INTARIAN_PEPPER_ROOT,XIRECS,12177.0,7
170400,,,INTARIAN_PEPPER_ROOT,XIRECS,12164.0,3
172800,,,INTARIAN_PEPPER_ROOT,XIRECS,12176.0,3
179600,,,INTARIAN_PEPPER_ROOT,XIRECS,12170.0,5
182200,,,INTARIAN_PEPPER_ROOT,XIRECS,12189.0,5
183700,,,INTARIAN_PEPPER_ROOT,XIRECS,12190.0,3
186400,,,INTARIAN_PEPPER_ROOT,XIRECS,12193.0,7
192400,,,INTARIAN_PEPPER_ROOT,XIRECS,12186.0,3
192800,,,INTARIAN_PEPPER_ROOT,XIRECS,12199.0,7
196500,,,INTARIAN_PEPPER_ROOT,XIRECS,12192.0,7
198800,,,INTARIAN_PEPPER_ROOT,XIRECS,12192.0,6
203700,,,INTARIAN_PEPPER_ROOT,XIRECS,12213.0,7
213100,,,INTARIAN_PEPPER_ROOT,XIRECS,12216.0,6
216000,,,INTARIAN_PEPPER_ROOT,XIRECS,12212.0,3
216600,,,INTARIAN_PEPPER_ROOT,XIRECS,12212.0,7
216800,,,INTARIAN_PEPPER_ROOT,XIRECS,12223.0,6
224500,,,INTARIAN_PEPPER_ROOT,XIRECS,12231.0,6
229300,,,INTARIAN_PEPPER_ROOT,XIRECS,12236.0,6
233100,,,INTARIAN_PEPPER_ROOT,XIRECS,12226.0,5
235900,,,INTARIAN_PEPPER_ROOT,XIRECS,12226.0,7
237100,,,INTARIAN_PEPPER_ROOT,XIRECS,12247.0,6
237600,,,INTARIAN_PEPPER_ROOT,XIRECS,12231.0,3
240400,,,INTARIAN_PEPPER_ROOT,XIRECS,12234.0,6
240900,,,INTARIAN_PEPPER_ROOT,XIRECS,12251.0,5
243400,,,INTARIAN_PEPPER_ROOT,XIRECS,12237.0,5
244200,,,INTARIAN_PEPPER_ROOT,XIRECS,12251.0,6
248500,,,INTARIAN_PEPPER_ROOT,XIRECS,12244.0,8
249200,,,INTARIAN_PEPPER_ROOT,XIRECS,12256.0,4
251800,,,INTARIAN_PEPPER_ROOT,XIRECS,12255.0,4
254100,,,INTARIAN_PEPPER_ROOT,XIRECS,12261.0,6
256700,,,INTARIAN_PEPPER_ROOT,XIRECS,12263.0,5
260200,,,INTARIAN_PEPPER_ROOT,XIRECS,12256.0,3
262100,,,INTARIAN_PEPPER_ROOT,XIRECS,12269.0,6
264000,,,INTARIAN_PEPPER_ROOT,XIRECS,12257.0,3
265200,,,INTARIAN_PEPPER_ROOT,XIRECS,12261.0,8
265500,,,INTARIAN_PEPPER_ROOT,XIRECS,12261.0,6
265900,,,INTARIAN_PEPPER_ROOT,XIRECS,12262.0,8
271900,,,INTARIAN_PEPPER_ROOT,XIRECS,12282.0,7
277700,,,INTARIAN_PEPPER_ROOT,XIRECS,12284.0,4
280600,,,INTARIAN_PEPPER_ROOT,XIRECS,12276.0,8
292400,,,INTARIAN_PEPPER_ROOT,XIRECS,12296.0,6
293200,,,INTARIAN_PEPPER_ROOT,XIRECS,12289.0,7
297300,,,INTARIAN_PEPPER_ROOT,XIRECS,12293.0,3
297600,,,INTARIAN_PEPPER_ROOT,XIRECS,12293.0,8
298500,,,INTARIAN_PEPPER_ROOT,XIRECS,12292.0,7
300500,,,INTARIAN_PEPPER_ROOT,XIRECS,12294.0,3
305100,,,INTARIAN_PEPPER_ROOT,XIRECS,12298.0,6
307100,,,INTARIAN_PEPPER_ROOT,XIRECS,12314.0,4
317300,,,INTARIAN_PEPPER_ROOT,XIRECS,12327.0,5
318500,,,INTARIAN_PEPPER_ROOT,XIRECS,12312.0,6
319300,,,INTARIAN_PEPPER_ROOT,XIRECS,12313.0,5
321500,,,INTARIAN_PEPPER_ROOT,XIRECS,12328.0,3
327600,,,INTARIAN_PEPPER_ROOT,XIRECS,12323.0,3
329100,,,INTARIAN_PEPPER_ROOT,XIRECS,12322.0,5
331600,,,INTARIAN_PEPPER_ROOT,XIRECS,12322.0,7
340300,,,INTARIAN_PEPPER_ROOT,XIRECS,12347.0,6
346300,,,INTARIAN_PEPPER_ROOT,XIRECS,12350.0,8
352200,,,INTARIAN_PEPPER_ROOT,XIRECS,12359.0,7
354000,,,INTARIAN_PEPPER_ROOT,XIRECS,12350.0,3
354400,,,INTARIAN_PEPPER_ROOT,XIRECS,12350.0,4
355300,,,INTARIAN_PEPPER_ROOT,XIRECS,12349.0,7
356100,,,INTARIAN_PEPPER_ROOT,XIRECS,12349.0,4
361900,,,INTARIAN_PEPPER_ROOT,XIRECS,12369.0,6
363100,,,INTARIAN_PEPPER_ROOT,XIRECS,12356.0,4
374200,,,INTARIAN_PEPPER_ROOT,XIRECS,12381.0,5
374300,,,INTARIAN_PEPPER_ROOT,XIRECS,12368.0,3
374900,,,INTARIAN_PEPPER_ROOT,XIRECS,12382.0,5
376100,,,INTARIAN_PEPPER_ROOT,XIRECS,12369.0,5
378200,,,INTARIAN_PEPPER_ROOT,XIRECS,12372.0,3
378500,,,INTARIAN_PEPPER_ROOT,XIRECS,12385.0,7
379400,,,INTARIAN_PEPPER_ROOT,XIRECS,12386.0,7
381800,,,INTARIAN_PEPPER_ROOT,XIRECS,12372.0,6
386500,,,INTARIAN_PEPPER_ROOT,XIRECS,12390.0,3
387500,,,INTARIAN_PEPPER_ROOT,XIRECS,12391.0,7
389500,,,INTARIAN_PEPPER_ROOT,XIRECS,12383.0,4
397900,,,INTARIAN_PEPPER_ROOT,XIRECS,12394.0,6
398400,,,INTARIAN_PEPPER_ROOT,XIRECS,12405.0,5
400900,,,INTARIAN_PEPPER_ROOT,XIRECS,12391.0,4
404700,,,INTARIAN_PEPPER_ROOT,XIRECS,12395.0,5
409600,,,INTARIAN_PEPPER_ROOT,XIRECS,12405.0,6
421200,,,INTARIAN_PEPPER_ROOT,XIRECS,12424.0,5
422100,,,INTARIAN_PEPPER_ROOT,XIRECS,12415.0,7
434800,,,INTARIAN_PEPPER_ROOT,XIRECS,12428.0,3
437100,,,INTARIAN_PEPPER_ROOT,XIRECS,12427.0,5
442300,,,INTARIAN_PEPPER_ROOT,XIRECS,12438.0,7
446300,,,INTARIAN_PEPPER_ROOT,XIRECS,12453.0,5
448600,,,INTARIAN_PEPPER_ROOT,XIRECS,12455.0,3
450900,,,INTARIAN_PEPPER_ROOT,XIRECS,12444.0,6
451200,,,INTARIAN_PEPPER_ROOT,XIRECS,12444.0,7
452500,,,INTARIAN_PEPPER_ROOT,XIRECS,12456.0,8
458100,,,INTARIAN_PEPPER_ROOT,XIRECS,12454.0,8
459800,,,INTARIAN_PEPPER_ROOT,XIRECS,12453.0,6
463700,,,INTARIAN_PEPPER_ROOT,XIRECS,12467.0,3
470800,,,INTARIAN_PEPPER_ROOT,XIRECS,12478.0,7
471100,,,INTARIAN_PEPPER_ROOT,XIRECS,12474.0,6
478700,,,INTARIAN_PEPPER_ROOT,XIRECS,12474.0,3
480500,,,INTARIAN_PEPPER_ROOT,XIRECS,12487.0,4
485300,,,INTARIAN_PEPPER_ROOT,XIRECS,12479.0,3
486700,,,INTARIAN_PEPPER_ROOT,XIRECS,12480.0,4
487800,,,INTARIAN_PEPPER_ROOT,XIRECS,12481.0,3
491300,,,INTARIAN_PEPPER_ROOT,XIRECS,12495.0,4
492400,,,INTARIAN_PEPPER_ROOT,XIRECS,12486.0,3
495900,,,INTARIAN_PEPPER_ROOT,XIRECS,12489.0,6
513000,,,INTARIAN_PEPPER_ROOT,XIRECS,12520.0,6
513400,,,INTARIAN_PEPPER_ROOT,XIRECS,12520.0,7
513900,,,INTARIAN_PEPPER_ROOT,XIRECS,12517.0,7
514700,,,INTARIAN_PEPPER_ROOT,XIRECS,12521.0,5
516100,,,INTARIAN_PEPPER_ROOT,XIRECS,12509.0,7
516900,,,INTARIAN_PEPPER_ROOT,XIRECS,12510.0,5
522800,,,INTARIAN_PEPPER_ROOT,XIRECS,12530.0,5
524200,,,INTARIAN_PEPPER_ROOT,XIRECS,12521.0,7
530400,,,INTARIAN_PEPPER_ROOT,XIRECS,12534.0,7
532000,,,INTARIAN_PEPPER_ROOT,XIRECS,12525.0,4
533100,,,INTARIAN_PEPPER_ROOT,XIRECS,12523.0,5
538300,,,INTARIAN_PEPPER_ROOT,XIRECS,12545.0,6
539900,,,INTARIAN_PEPPER_ROOT,XIRECS,12550.0,5
541200,,,INTARIAN_PEPPER_ROOT,XIRECS,12534.0,7
546800,,,INTARIAN_PEPPER_ROOT,XIRECS,12540.0,6
554200,,,INTARIAN_PEPPER_ROOT,XIRECS,12561.0,3
554300,,,INTARIAN_PEPPER_ROOT,XIRECS,12550.0,3
563400,,,INTARIAN_PEPPER_ROOT,XIRECS,12557.0,4
566200,,,INTARIAN_PEPPER_ROOT,XIRECS,12559.0,6
568200,,,INTARIAN_PEPPER_ROOT,XIRECS,12564.0,7
575500,,,INTARIAN_PEPPER_ROOT,XIRECS,12582.0,5
579200,,,INTARIAN_PEPPER_ROOT,XIRECS,12575.0,4
581100,,,INTARIAN_PEPPER_ROOT,XIRECS,12574.0,4
584800,,,INTARIAN_PEPPER_ROOT,XIRECS,12595.0,3
592300,,,INTARIAN_PEPPER_ROOT,XIRECS,12599.0,3
595400,,,INTARIAN_PEPPER_ROOT,XIRECS,12585.0,3
607800,,,INTARIAN_PEPPER_ROOT,XIRECS,12615.0,6
608000,,,INTARIAN_PEPPER_ROOT,XIRECS,12604.0,5
609000,,,INTARIAN_PEPPER_ROOT,XIRECS,12616.0,7
610900,,,INTARIAN_PEPPER_ROOT,XIRECS,12618.0,7
611900,,,INTARIAN_PEPPER_ROOT,XIRECS,12622.0,7
616200,,,INTARIAN_PEPPER_ROOT,XIRECS,12623.0,5
618000,,,INTARIAN_PEPPER_ROOT,XIRECS,12614.0,6
619800,,,INTARIAN_PEPPER_ROOT,XIRECS,12627.0,5
628800,,,INTARIAN_PEPPER_ROOT,XIRECS,12622.0,3
629100,,,INTARIAN_PEPPER_ROOT,XIRECS,12625.0,4
632500,,,INTARIAN_PEPPER_ROOT,XIRECS,12639.0,4
632800,,,INTARIAN_PEPPER_ROOT,XIRECS,12626.0,4
634300,,,INTARIAN_PEPPER_ROOT,XIRECS,12624.0,5
635000,,,INTARIAN_PEPPER_ROOT,XIRECS,12638.0,5
638300,,,INTARIAN_PEPPER_ROOT,XIRECS,12628.0,6
639800,,,INTARIAN_PEPPER_ROOT,XIRECS,12643.0,5
641600,,,INTARIAN_PEPPER_ROOT,XIRECS,12637.0,8
641800,,,INTARIAN_PEPPER_ROOT,XIRECS,12645.0,6
642400,,,INTARIAN_PEPPER_ROOT,XIRECS,12638.0,8
644500,,,INTARIAN_PEPPER_ROOT,XIRECS,12638.0,5
648100,,,INTARIAN_PEPPER_ROOT,XIRECS,12651.0,3
657500,,,INTARIAN_PEPPER_ROOT,XIRECS,12664.0,7
663300,,,INTARIAN_PEPPER_ROOT,XIRECS,12667.0,3
664400,,,INTARIAN_PEPPER_ROOT,XIRECS,12654.0,7
665000,,,INTARIAN_PEPPER_ROOT,XIRECS,12672.0,4
667800,,,INTARIAN_PEPPER_ROOT,XIRECS,12675.0,4
668300,,,INTARIAN_PEPPER_ROOT,XIRECS,12675.0,7
668300,,,INTARIAN_PEPPER_ROOT,XIRECS,12672.0,4
671400,,,INTARIAN_PEPPER_ROOT,XIRECS,12665.0,3
676600,,,INTARIAN_PEPPER_ROOT,XIRECS,12680.0,6
679700,,,INTARIAN_PEPPER_ROOT,XIRECS,12673.0,6
683700,,,INTARIAN_PEPPER_ROOT,XIRECS,12691.0,6
686800,,,INTARIAN_PEPPER_ROOT,XIRECS,12680.0,5
688600,,,INTARIAN_PEPPER_ROOT,XIRECS,12682.0,4
694800,,,INTARIAN_PEPPER_ROOT,XIRECS,12702.0,5
696300,,,INTARIAN_PEPPER_ROOT,XIRECS,12700.0,6
696800,,,INTARIAN_PEPPER_ROOT,XIRECS,12700.0,5
700300,,,INTARIAN_PEPPER_ROOT,XIRECS,12707.0,4
700800,,,INTARIAN_PEPPER_ROOT,XIRECS,12708.0,3
719900,,,INTARIAN_PEPPER_ROOT,XIRECS,12716.0,5
720700,,,INTARIAN_PEPPER_ROOT,XIRECS,12714.0,6
722200,,,INTARIAN_PEPPER_ROOT,XIRECS,12729.0,3
732700,,,INTARIAN_PEPPER_ROOT,XIRECS,12728.0,8
738700,,,INTARIAN_PEPPER_ROOT,XIRECS,12732.0,6
746600,,,INTARIAN_PEPPER_ROOT,XIRECS,12742.0,7
746800,,,INTARIAN_PEPPER_ROOT,XIRECS,12750.0,4
747600,,,INTARIAN_PEPPER_ROOT,XIRECS,12758.0,5
751100,,,INTARIAN_PEPPER_ROOT,XIRECS,12758.0,7
756100,,,INTARIAN_PEPPER_ROOT,XIRECS,12749.0,5
757800,,,INTARIAN_PEPPER_ROOT,XIRECS,12751.0,4
763700,,,INTARIAN_PEPPER_ROOT,XIRECS,12754.0,5
767500,,,INTARIAN_PEPPER_ROOT,XIRECS,12761.0,3
768400,,,INTARIAN_PEPPER_ROOT,XIRECS,12775.0,6
770000,,,INTARIAN_PEPPER_ROOT,XIRECS,12773.0,3
774200,,,INTARIAN_PEPPER_ROOT,XIRECS,12767.0,6
774500,,,INTARIAN_PEPPER_ROOT,XIRECS,12778.0,8
781500,,,INTARIAN_PEPPER_ROOT,XIRECS,12777.0,7
785100,,,INTARIAN_PEPPER_ROOT,XIRECS,12792.0,3
791600,,,INTARIAN_PEPPER_ROOT,XIRECS,12798.0,5
792200,,,INTARIAN_PEPPER_ROOT,XIRECS,12785.0,6
793900,,,INTARIAN_PEPPER_ROOT,XIRECS,12790.0,6
795500,,,INTARIAN_PEPPER_ROOT,XIRECS,12789.0,4
796800,,,INTARIAN_PEPPER_ROOT,XIRECS,12800.0,7
798000,,,INTARIAN_PEPPER_ROOT,XIRECS,12808.0,4
799100,,,INTARIAN_PEPPER_ROOT,XIRECS,12789.0,6
800600,,,INTARIAN_PEPPER_ROOT,XIRECS,12796.0,4
801100,,,INTARIAN_PEPPER_ROOT,XIRECS,12808.0,5
809500,,,INTARIAN_PEPPER_ROOT,XIRECS,12805.0,5
814800,,,INTARIAN_PEPPER_ROOT,XIRECS,12825.0,7
815200,,,INTARIAN_PEPPER_ROOT,XIRECS,12822.0,6
818800,,,INTARIAN_PEPPER_ROOT,XIRECS,12826.0,4
819700,,,INTARIAN_PEPPER_ROOT,XIRECS,12827.0,3
822000,,,INTARIAN_PEPPER_ROOT,XIRECS,12818.0,8
825200,,,INTARIAN_PEPPER_ROOT,XIRECS,12821.0,3
831400,,,INTARIAN_PEPPER_ROOT,XIRECS,12835.0,8
832400,,,INTARIAN_PEPPER_ROOT,XIRECS,12839.0,6
835800,,,INTARIAN_PEPPER_ROOT,XIRECS,12843.0,6
838400,,,INTARIAN_PEPPER_ROOT,XIRECS,12828.0,5
838800,,,INTARIAN_PEPPER_ROOT,XIRECS,12842.0,5
841900,,,INTARIAN_PEPPER_ROOT,XIRECS,12845.0,3
844300,,,INTARIAN_PEPPER_ROOT,XIRECS,12851.0,5
844400,,,INTARIAN_PEPPER_ROOT,XIRECS,12837.0,4
846300,,,INTARIAN_PEPPER_ROOT,XIRECS,12839.0,3
848800,,,INTARIAN_PEPPER_ROOT,XIRECS,12856.0,4
851400,,,INTARIAN_PEPPER_ROOT,XIRECS,12858.0,5
853000,,,INTARIAN_PEPPER_ROOT,XIRECS,12863.0,5
853300,,,INTARIAN_PEPPER_ROOT,XIRECS,12846.0,5
861800,,,INTARIAN_PEPPER_ROOT,XIRECS,12865.0,3
864900,,,INTARIAN_PEPPER_ROOT,XIRECS,12868.0,7
866000,,,INTARIAN_PEPPER_ROOT,XIRECS,12873.0,6
866200,,,INTARIAN_PEPPER_ROOT,XIRECS,12862.0,3
869000,,,INTARIAN_PEPPER_ROOT,XIRECS,12865.0,5
870200,,,INTARIAN_PEPPER_ROOT,XIRECS,12874.0,6
873100,,,INTARIAN_PEPPER_ROOT,XIRECS,12866.0,6
878600,,,INTARIAN_PEPPER_ROOT,XIRECS,12882.0,5
881600,,,INTARIAN_PEPPER_ROOT,XIRECS,12871.0,4
882200,,,INTARIAN_PEPPER_ROOT,XIRECS,12892.0,7
892100,,,INTARIAN_PEPPER_ROOT,XIRECS,12885.0,4
892900,,,INTARIAN_PEPPER_ROOT,XIRECS,12886.0,3
893500,,,INTARIAN_PEPPER_ROOT,XIRECS,12889.0,3
894200,,,INTARIAN_PEPPER_ROOT,XIRECS,12901.0,7
896500,,,INTARIAN_PEPPER_ROOT,XIRECS,12890.0,6
902000,,,INTARIAN_PEPPER_ROOT,XIRECS,12895.0,4
904700,,,INTARIAN_PEPPER_ROOT,XIRECS,12900.0,7
904800,,,INTARIAN_PEPPER_ROOT,XIRECS,12898.0,7
906500,,,INTARIAN_PEPPER_ROOT,XIRECS,12917.0,6
908800,,,INTARIAN_PEPPER_ROOT,XIRECS,12904.0,7
911500,,,INTARIAN_PEPPER_ROOT,XIRECS,12918.0,4
913400,,,INTARIAN_PEPPER_ROOT,XIRECS,12917.0,5
914400,,,INTARIAN_PEPPER_ROOT,XIRECS,12910.0,7
917000,,,INTARIAN_PEPPER_ROOT,XIRECS,12920.0,4
922400,,,INTARIAN_PEPPER_ROOT,XIRECS,12915.0,3
922700,,,INTARIAN_PEPPER_ROOT,XIRECS,12916.0,5
923000,,,INTARIAN_PEPPER_ROOT,XIRECS,12916.0,7
927600,,,INTARIAN_PEPPER_ROOT,XIRECS,12921.0,4
928600,,,INTARIAN_PEPPER_ROOT,XIRECS,12922.0,7
935100,,,INTARIAN_PEPPER_ROOT,XIRECS,12931.0,4
936200,,,INTARIAN_PEPPER_ROOT,XIRECS,12932.0,7
936700,,,INTARIAN_PEPPER_ROOT,XIRECS,12930.0,3
937400,,,INTARIAN_PEPPER_ROOT,XIRECS,12941.0,3
937600,,,INTARIAN_PEPPER_ROOT,XIRECS,12931.0,7
939400,,,INTARIAN_PEPPER_ROOT,XIRECS,12943.0,8
940100,,,INTARIAN_PEPPER_ROOT,XIRECS,12930.0,5
943700,,,INTARIAN_PEPPER_ROOT,XIRECS,12951.0,3
951400,,,INTARIAN_PEPPER_ROOT,XIRECS,12958.0,3
954500,,,INTARIAN_PEPPER_ROOT,XIRECS,12948.0,4
954600,,,INTARIAN_PEPPER_ROOT,XIRECS,12948.0,4
955100,,,INTARIAN_PEPPER_ROOT,XIRECS,12951.0,8
956900,,,INTARIAN_PEPPER_ROOT,XIRECS,12947.0,5
957200,,,INTARIAN_PEPPER_ROOT,XIRECS,12950.0,7
957900,,,INTARIAN_PEPPER_ROOT,XIRECS,12965.0,7
958900,,,INTARIAN_PEPPER_ROOT,XIRECS,12955.0,7
960600,,,INTARIAN_PEPPER_ROOT,XIRECS,12956.0,3
960600,,,INTARIAN_PEPPER_ROOT,XIRECS,12956.0,2
961600,,,INTARIAN_PEPPER_ROOT,XIRECS,12955.0,3
965100,,,INTARIAN_PEPPER_ROOT,XIRECS,12958.0,6
971300,,,INTARIAN_PEPPER_ROOT,XIRECS,12975.0,3
971600,,,INTARIAN_PEPPER_ROOT,XIRECS,12967.0,7
972000,,,INTARIAN_PEPPER_ROOT,XIRECS,12965.0,3
975500,,,INTARIAN_PEPPER_ROOT,XIRECS,12969.0,6
978800,,,INTARIAN_PEPPER_ROOT,XIRECS,12972.0,4
985800,,,INTARIAN_PEPPER_ROOT,XIRECS,12981.0,5
989200,,,INTARIAN_PEPPER_ROOT,XIRECS,12993.0,8
989900,,,INTARIAN_PEPPER_ROOT,XIRECS,12986.0,4
990200,,,INTARIAN_PEPPER_ROOT,XIRECS,12983.0,6
990700,,,INTARIAN_PEPPER_ROOT,XIRECS,12998.0,6
990900,,,INTARIAN_PEPPER_ROOT,XIRECS,12984.0,6
991300,,,INTARIAN_PEPPER_ROOT,XIRECS,12984.0,3
995000,,,INTARIAN_PEPPER_ROOT,XIRECS,13002.0,4
998400,,,INTARIAN_PEPPER_ROOT,XIRECS,13005.0,4
3000,,,INTARIAN_PEPPER_ROOT,XIRECS,10999.0,8
4200,,,INTARIAN_PEPPER_ROOT,XIRECS,10995.0,4
6300,,,INTARIAN_PEPPER_ROOT,XIRECS,11000.0,4
17900,,,INTARIAN_PEPPER_ROOT,XIRECS,11012.0,6
19700,,,INTARIAN_PEPPER_ROOT,XIRECS,11011.0,7
24100,,,INTARIAN_PEPPER_ROOT,XIRECS,11030.0,5
25800,,,INTARIAN_PEPPER_ROOT,XIRECS,11029.0,3
28200,,,INTARIAN_PEPPER_ROOT,XIRECS,11034.0,6
29100,,,INTARIAN_PEPPER_ROOT,XIRECS,11035.0,6
31600,,,INTARIAN_PEPPER_ROOT,XIRECS,11034.0,3
34900,,,INTARIAN_PEPPER_ROOT,XIRECS,11044.0,6
35000,,,INTARIAN_PEPPER_ROOT,XIRECS,11038.0,8
38500,,,INTARIAN_PEPPER_ROOT,XIRECS,11032.0,4
38700,,,INTARIAN_PEPPER_ROOT,XIRECS,11035.0,5
40000,,,INTARIAN_PEPPER_ROOT,XIRECS,11036.0,5
40300,,,INTARIAN_PEPPER_ROOT,XIRECS,11034.0,4
40400,,,INTARIAN_PEPPER_ROOT,XIRECS,11046.0,3
41900,,,INTARIAN_PEPPER_ROOT,XIRECS,11048.0,5
42700,,,INTARIAN_PEPPER_ROOT,XIRECS,11049.0,6
44800,,,INTARIAN_PEPPER_ROOT,XIRECS,11039.0,4
52900,,,INTARIAN_PEPPER_ROOT,XIRECS,11047.0,5
53100,,,INTARIAN_PEPPER_ROOT,XIRECS,11049.0,4
63900,,,INTARIAN_PEPPER_ROOT,XIRECS,11067.0,7
70500,,,INTARIAN_PEPPER_ROOT,XIRECS,11067.0,3
73900,,,INTARIAN_PEPPER_ROOT,XIRECS,11068.0,7
74000,,,INTARIAN_PEPPER_ROOT,XIRECS,11080.0,5
76800,,,INTARIAN_PEPPER_ROOT,XIRECS,11083.0,6
81000,,,INTARIAN_PEPPER_ROOT,XIRECS,11072.0,5
81700,,,INTARIAN_PEPPER_ROOT,XIRECS,11088.0,6
81900,,,INTARIAN_PEPPER_ROOT,XIRECS,11088.0,5
83100,,,INTARIAN_PEPPER_ROOT,XIRECS,11089.0,7
88700,,,INTARIAN_PEPPER_ROOT,XIRECS,11083.0,3
88800,,,INTARIAN_PEPPER_ROOT,XIRECS,11083.0,3
94600,,,INTARIAN_PEPPER_ROOT,XIRECS,11091.0,7
98400,,,INTARIAN_PEPPER_ROOT,XIRECS,11104.0,3
99400,,,INTARIAN_PEPPER_ROOT,XIRECS,11096.0,8
101000,,,INTARIAN_PEPPER_ROOT,XIRECS,11097.0,4
108800,,,INTARIAN_PEPPER_ROOT,XIRECS,11115.0,5
113600,,,INTARIAN_PEPPER_ROOT,XIRECS,11111.0,4
120600,,,INTARIAN_PEPPER_ROOT,XIRECS,11115.0,6
121900,,,INTARIAN_PEPPER_ROOT,XIRECS,11128.0,4
122600,,,INTARIAN_PEPPER_ROOT,XIRECS,11117.0,7
123400,,,INTARIAN_PEPPER_ROOT,XIRECS,11132.0,5
124900,,,INTARIAN_PEPPER_ROOT,XIRECS,11119.0,6
125400,,,INTARIAN_PEPPER_ROOT,XIRECS,11131.0,7
128000,,,INTARIAN_PEPPER_ROOT,XIRECS,11122.0,7
128700,,,INTARIAN_PEPPER_ROOT,XIRECS,11125.0,3
131500,,,INTARIAN_PEPPER_ROOT,XIRECS,11125.0,3
132200,,,INTARIAN_PEPPER_ROOT,XIRECS,11126.0,7
133100,,,INTARIAN_PEPPER_ROOT,XIRECS,11139.0,6
136100,,,INTARIAN_PEPPER_ROOT,XIRECS,11132.0,6
139300,,,INTARIAN_PEPPER_ROOT,XIRECS,11133.0,4
139400,,,INTARIAN_PEPPER_ROOT,XIRECS,11133.0,7
139600,,,INTARIAN_PEPPER_ROOT,XIRECS,11146.0,6
139800,,,INTARIAN_PEPPER_ROOT,XIRECS,11134.0,7
141200,,,INTARIAN_PEPPER_ROOT,XIRECS,11147.0,6
147000,,,INTARIAN_PEPPER_ROOT,XIRECS,11153.0,7
148700,,,INTARIAN_PEPPER_ROOT,XIRECS,11145.0,6
157200,,,INTARIAN_PEPPER_ROOT,XIRECS,11163.0,4
161800,,,INTARIAN_PEPPER_ROOT,XIRECS,11165.0,6
170300,,,INTARIAN_PEPPER_ROOT,XIRECS,11176.0,7
174000,,,INTARIAN_PEPPER_ROOT,XIRECS,11165.0,7
178800,,,INTARIAN_PEPPER_ROOT,XIRECS,11185.0,4
184800,,,INTARIAN_PEPPER_ROOT,XIRECS,11188.0,7
186800,,,INTARIAN_PEPPER_ROOT,XIRECS,11196.0,7
187000,,,INTARIAN_PEPPER_ROOT,XIRECS,11196.0,3
191300,,,INTARIAN_PEPPER_ROOT,XIRECS,11185.0,7
208300,,,INTARIAN_PEPPER_ROOT,XIRECS,11214.0,7
211700,,,INTARIAN_PEPPER_ROOT,XIRECS,11206.0,4
215300,,,INTARIAN_PEPPER_ROOT,XIRECS,11211.0,5
218900,,,INTARIAN_PEPPER_ROOT,XIRECS,11225.0,3
222800,,,INTARIAN_PEPPER_ROOT,XIRECS,11217.0,4
228300,,,INTARIAN_PEPPER_ROOT,XIRECS,11234.0,3
229500,,,INTARIAN_PEPPER_ROOT,XIRECS,11223.0,4
232900,,,INTARIAN_PEPPER_ROOT,XIRECS,11239.0,4
235100,,,INTARIAN_PEPPER_ROOT,XIRECS,11238.0,6
241200,,,INTARIAN_PEPPER_ROOT,XIRECS,11244.0,6
243200,,,INTARIAN_PEPPER_ROOT,XIRECS,11249.0,5
245300,,,INTARIAN_PEPPER_ROOT,XIRECS,11239.0,6
245500,,,INTARIAN_PEPPER_ROOT,XIRECS,11252.0,6
251900,,,INTARIAN_PEPPER_ROOT,XIRECS,11255.0,8
259200,,,INTARIAN_PEPPER_ROOT,XIRECS,11265.0,7
263800,,,INTARIAN_PEPPER_ROOT,XIRECS,11258.0,6
263900,,,INTARIAN_PEPPER_ROOT,XIRECS,11258.0,6
269600,,,INTARIAN_PEPPER_ROOT,XIRECS,11263.0,7
272700,,,INTARIAN_PEPPER_ROOT,XIRECS,11269.0,6
273300,,,INTARIAN_PEPPER_ROOT,XIRECS,11264.0,5
273700,,,INTARIAN_PEPPER_ROOT,XIRECS,11268.0,3
275900,,,INTARIAN_PEPPER_ROOT,XIRECS,11270.0,7
276000,,,INTARIAN_PEPPER_ROOT,XIRECS,11272.0,6
282100,,,INTARIAN_PEPPER_ROOT,XIRECS,11285.0,4
283800,,,INTARIAN_PEPPER_ROOT,XIRECS,11287.0,6
287400,,,INTARIAN_PEPPER_ROOT,XIRECS,11290.0,5
289600,,,INTARIAN_PEPPER_ROOT,XIRECS,11296.0,7
298800,,,INTARIAN_PEPPER_ROOT,XIRECS,11302.0,7
301200,,,INTARIAN_PEPPER_ROOT,XIRECS,11297.0,8
302500,,,INTARIAN_PEPPER_ROOT,XIRECS,11299.0,8
303200,,,INTARIAN_PEPPER_ROOT,XIRECS,11297.0,7
309100,,,INTARIAN_PEPPER_ROOT,XIRECS,11300.0,5
309700,,,INTARIAN_PEPPER_ROOT,XIRECS,11316.0,6
316600,,,INTARIAN_PEPPER_ROOT,XIRECS,11310.0,4
320500,,,INTARIAN_PEPPER_ROOT,XIRECS,11317.0,3
324600,,,INTARIAN_PEPPER_ROOT,XIRECS,11318.0,4
325100,,,INTARIAN_PEPPER_ROOT,XIRECS,11319.0,5
329700,,,INTARIAN_PEPPER_ROOT,XIRECS,11326.0,4
337700,,,INTARIAN_PEPPER_ROOT,XIRECS,11344.0,4
350500,,,INTARIAN_PEPPER_ROOT,XIRECS,11347.0,5
350900,,,INTARIAN_PEPPER_ROOT,XIRECS,11345.0,4
351600,,,INTARIAN_PEPPER_ROOT,XIRECS,11361.0,4
359500,,,INTARIAN_PEPPER_ROOT,XIRECS,11366.0,3
363600,,,INTARIAN_PEPPER_ROOT,XIRECS,11357.0,7
363800,,,INTARIAN_PEPPER_ROOT,XIRECS,11358.0,7
367800,,,INTARIAN_PEPPER_ROOT,XIRECS,11371.0,5
369200,,,INTARIAN_PEPPER_ROOT,XIRECS,11363.0,3
371200,,,INTARIAN_PEPPER_ROOT,XIRECS,11365.0,7
371400,,,INTARIAN_PEPPER_ROOT,XIRECS,11365.0,7
378200,,,INTARIAN_PEPPER_ROOT,XIRECS,11387.0,3
384200,,,INTARIAN_PEPPER_ROOT,XIRECS,11390.0,6
388700,,,INTARIAN_PEPPER_ROOT,XIRECS,11395.0,5
393200,,,INTARIAN_PEPPER_ROOT,XIRECS,11389.0,6
398800,,,INTARIAN_PEPPER_ROOT,XIRECS,11395.0,5
399000,,,INTARIAN_PEPPER_ROOT,XIRECS,11395.0,7
400000,,,INTARIAN_PEPPER_ROOT,XIRECS,11394.0,7
405100,,,INTARIAN_PEPPER_ROOT,XIRECS,11411.0,5
406700,,,INTARIAN_PEPPER_ROOT,XIRECS,11413.0,7
407300,,,INTARIAN_PEPPER_ROOT,XIRECS,11410.0,6
409300,,,INTARIAN_PEPPER_ROOT,XIRECS,11405.0,5
412600,,,INTARIAN_PEPPER_ROOT,XIRECS,11406.0,7
413500,,,INTARIAN_PEPPER_ROOT,XIRECS,11420.0,3
415700,,,INTARIAN_PEPPER_ROOT,XIRECS,11409.0,7
417900,,,INTARIAN_PEPPER_ROOT,XIRECS,11412.0,6
420600,,,INTARIAN_PEPPER_ROOT,XIRECS,11414.0,7
421100,,,INTARIAN_PEPPER_ROOT,XIRECS,11415.0,3
423200,,,INTARIAN_PEPPER_ROOT,XIRECS,11417.0,6
424800,,,INTARIAN_PEPPER_ROOT,XIRECS,11421.0,6
429600,,,INTARIAN_PEPPER_ROOT,XIRECS,11426.0,3
431600,,,INTARIAN_PEPPER_ROOT,XIRECS,11425.0,7
432100,,,INTARIAN_PEPPER_ROOT,XIRECS,11435.0,6
432300,,,INTARIAN_PEPPER_ROOT,XIRECS,11426.0,7
435500,,,INTARIAN_PEPPER_ROOT,XIRECS,11438.0,5
436500,,,INTARIAN_PEPPER_ROOT,XIRECS,11430.0,3
453500,,,INTARIAN_PEPPER_ROOT,XIRECS,11450.0,7
455400,,,INTARIAN_PEPPER_ROOT,XIRECS,11464.0,5
457500,,,INTARIAN_PEPPER_ROOT,XIRECS,11464.0,5
457600,,,INTARIAN_PEPPER_ROOT,XIRECS,11464.0,4
460000,,,INTARIAN_PEPPER_ROOT,XIRECS,11454.0,6
460700,,,INTARIAN_PEPPER_ROOT,XIRECS,11464.0,7
464100,,,INTARIAN_PEPPER_ROOT,XIRECS,11458.0,6
465200,,,INTARIAN_PEPPER_ROOT,XIRECS,11468.0,5
469000,,,INTARIAN_PEPPER_ROOT,XIRECS,11475.0,7
470900,,,INTARIAN_PEPPER_ROOT,XIRECS,11465.0,7
479500,,,INTARIAN_PEPPER_ROOT,XIRECS,11473.0,3
484200,,,INTARIAN_PEPPER_ROOT,XIRECS,11478.0,6
487200,,,INTARIAN_PEPPER_ROOT,XIRECS,11493.0,6
488700,,,INTARIAN_PEPPER_ROOT,XIRECS,11495.0,3
488800,,,INTARIAN_PEPPER_ROOT,XIRECS,11483.0,5
494600,,,INTARIAN_PEPPER_ROOT,XIRECS,11485.0,5
494900,,,INTARIAN_PEPPER_ROOT,XIRECS,11501.0,3
497200,,,INTARIAN_PEPPER_ROOT,XIRECS,11488.0,4
497800,,,INTARIAN_PEPPER_ROOT,XIRECS,11504.0,5
498800,,,INTARIAN_PEPPER_ROOT,XIRECS,11502.0,3
500300,,,INTARIAN_PEPPER_ROOT,XIRECS,11507.0,6
503800,,,INTARIAN_PEPPER_ROOT,XIRECS,11510.0,4
504900,,,INTARIAN_PEPPER_ROOT,XIRECS,11499.0,4
507700,,,INTARIAN_PEPPER_ROOT,XIRECS,11501.0,6
508700,,,INTARIAN_PEPPER_ROOT,XIRECS,11515.0,5
508800,,,INTARIAN_PEPPER_ROOT,XIRECS,11515.0,5
509600,,,INTARIAN_PEPPER_ROOT,XIRECS,11503.0,4
512100,,,INTARIAN_PEPPER_ROOT,XIRECS,11515.0,6
513000,,,INTARIAN_PEPPER_ROOT,XIRECS,11509.0,7
514300,,,INTARIAN_PEPPER_ROOT,XIRECS,11517.0,6
516700,,,INTARIAN_PEPPER_ROOT,XIRECS,11523.0,6
517700,,,INTARIAN_PEPPER_ROOT,XIRECS,11511.0,7
519200,,,INTARIAN_PEPPER_ROOT,XIRECS,11513.0,6
523400,,,INTARIAN_PEPPER_ROOT,XIRECS,11517.0,6
524600,,,INTARIAN_PEPPER_ROOT,XIRECS,11521.0,3
524700,,,INTARIAN_PEPPER_ROOT,XIRECS,11528.0,7
525500,,,INTARIAN_PEPPER_ROOT,XIRECS,11516.0,6
529400,,,INTARIAN_PEPPER_ROOT,XIRECS,11536.0,3
534000,,,INTARIAN_PEPPER_ROOT,XIRECS,11537.0,4
534100,,,INTARIAN_PEPPER_ROOT,XIRECS,11537.0,4
537800,,,INTARIAN_PEPPER_ROOT,XIRECS,11541.0,7
543100,,,INTARIAN_PEPPER_ROOT,XIRECS,11549.0,5
544200,,,INTARIAN_PEPPER_ROOT,XIRECS,11535.0,3
547500,,,INTARIAN_PEPPER_ROOT,XIRECS,11541.0,6
547800,,,INTARIAN_PEPPER_ROOT,XIRECS,11557.0,5
552200,,,INTARIAN_PEPPER_ROOT,XIRECS,11548.0,3
553200,,,INTARIAN_PEPPER_ROOT,XIRECS,11547.0,5
555400,,,INTARIAN_PEPPER_ROOT,XIRECS,11558.0,4
564100,,,INTARIAN_PEPPER_ROOT,XIRECS,11558.0,7
574600,,,INTARIAN_PEPPER_ROOT,XIRECS,11578.0,8
574700,,,INTARIAN_PEPPER_ROOT,XIRECS,11581.0,6
576500,,,INTARIAN_PEPPER_ROOT,XIRECS,11570.0,5
586900,,,INTARIAN_PEPPER_ROOT,XIRECS,11590.0,7
590700,,,INTARIAN_PEPPER_ROOT,XIRECS,11594.0,8
591600,,,INTARIAN_PEPPER_ROOT,XIRECS,11588.0,7
593200,,,INTARIAN_PEPPER_ROOT,XIRECS,11589.0,4
597100,,,INTARIAN_PEPPER_ROOT,XIRECS,11603.0,6
599600,,,INTARIAN_PEPPER_ROOT,XIRECS,11606.0,4
602300,,,INTARIAN_PEPPER_ROOT,XIRECS,11596.0,3
605800,,,INTARIAN_PEPPER_ROOT,XIRECS,11597.0,5
607000,,,INTARIAN_PEPPER_ROOT,XIRECS,11603.0,4
611100,,,INTARIAN_PEPPER_ROOT,XIRECS,11617.0,5
617800,,,INTARIAN_PEPPER_ROOT,XIRECS,11611.0,6
620100,,,INTARIAN_PEPPER_ROOT,XIRECS,11614.0,6
622100,,,INTARIAN_PEPPER_ROOT,XIRECS,11616.0,7
623600,,,INTARIAN_PEPPER_ROOT,XIRECS,11617.0,3
627500,,,INTARIAN_PEPPER_ROOT,XIRECS,11634.0,4
628200,,,INTARIAN_PEPPER_ROOT,XIRECS,11622.0,5
630300,,,INTARIAN_PEPPER_ROOT,XIRECS,11637.0,4
631800,,,INTARIAN_PEPPER_ROOT,XIRECS,11625.0,7
636700,,,INTARIAN_PEPPER_ROOT,XIRECS,11643.0,5
639300,,,INTARIAN_PEPPER_ROOT,XIRECS,11642.0,6
640900,,,INTARIAN_PEPPER_ROOT,XIRECS,11644.0,5
641400,,,INTARIAN_PEPPER_ROOT,XIRECS,11648.0,3
651200,,,INTARIAN_PEPPER_ROOT,XIRECS,11645.0,7
652400,,,INTARIAN_PEPPER_ROOT,XIRECS,11659.0,5
655200,,,INTARIAN_PEPPER_ROOT,XIRECS,11649.0,5
657600,,,INTARIAN_PEPPER_ROOT,XIRECS,11651.0,5
659100,,,INTARIAN_PEPPER_ROOT,XIRECS,11655.0,5
663600,,,INTARIAN_PEPPER_ROOT,XIRECS,11657.0,4
665000,,,INTARIAN_PEPPER_ROOT,XIRECS,11671.0,7
666000,,,INTARIAN_PEPPER_ROOT,XIRECS,11672.0,4
668200,,,INTARIAN_PEPPER_ROOT,XIRECS,11662.0,6
671000,,,INTARIAN_PEPPER_ROOT,XIRECS,11674.0,6
671600,,,INTARIAN_PEPPER_ROOT,XIRECS,11668.0,3
679900,,,INTARIAN_PEPPER_ROOT,XIRECS,11689.0,4
685900,,,INTARIAN_PEPPER_ROOT,XIRECS,11680.0,5
686100,,,INTARIAN_PEPPER_ROOT,XIRECS,11682.0,3
689500,,,INTARIAN_PEPPER_ROOT,XIRECS,11683.0,6
689700,,,INTARIAN_PEPPER_ROOT,XIRECS,11686.0,4
690800,,,INTARIAN_PEPPER_ROOT,XIRECS,11697.0,7
695800,,,INTARIAN_PEPPER_ROOT,XIRECS,11689.0,4
696400,,,INTARIAN_PEPPER_ROOT,XIRECS,11690.0,5
700000,,,INTARIAN_PEPPER_ROOT,XIRECS,11709.0,5
704100,,,INTARIAN_PEPPER_ROOT,XIRECS,11700.0,8
706500,,,INTARIAN_PEPPER_ROOT,XIRECS,11710.0,6
707200,,,INTARIAN_PEPPER_ROOT,XIRECS,11701.0,6
709600,,,INTARIAN_PEPPER_ROOT,XIRECS,11706.0,5
709800,,,INTARIAN_PEPPER_ROOT,XIRECS,11706.0,6
716700,,,INTARIAN_PEPPER_ROOT,XIRECS,11723.0,5
719200,,,INTARIAN_PEPPER_ROOT,XIRECS,11713.0,3
721400,,,INTARIAN_PEPPER_ROOT,XIRECS,11715.0,3
727600,,,INTARIAN_PEPPER_ROOT,XIRECS,11724.0,3
728300,,,INTARIAN_PEPPER_ROOT,XIRECS,11731.0,6
730200,,,INTARIAN_PEPPER_ROOT,XIRECS,11721.0,7
732700,,,INTARIAN_PEPPER_ROOT,XIRECS,11726.0,6
734100,,,INTARIAN_PEPPER_ROOT,XIRECS,11728.0,3
736500,,,INTARIAN_PEPPER_ROOT,XIRECS,11730.0,4
747600,,,INTARIAN_PEPPER_ROOT,XIRECS,11741.0,4
748900,,,INTARIAN_PEPPER_ROOT,XIRECS,11755.0,3
750300,,,INTARIAN_PEPPER_ROOT,XIRECS,11757.0,6
754300,,,INTARIAN_PEPPER_ROOT,XIRECS,11748.0,3
757000,,,INTARIAN_PEPPER_ROOT,XIRECS,11751.0,4
757600,,,INTARIAN_PEPPER_ROOT,XIRECS,11767.0,3
758400,,,INTARIAN_PEPPER_ROOT,XIRECS,11765.0,3
760500,,,INTARIAN_PEPPER_ROOT,XIRECS,11767.0,3
760600,,,INTARIAN_PEPPER_ROOT,XIRECS,11757.0,3
763700,,,INTARIAN_PEPPER_ROOT,XIRECS,11770.0,3
770100,,,INTARIAN_PEPPER_ROOT,XIRECS,11764.0,6
772500,,,INTARIAN_PEPPER_ROOT,XIRECS,11766.0,5
772900,,,INTARIAN_PEPPER_ROOT,XIRECS,11767.0,4
775000,,,INTARIAN_PEPPER_ROOT,XIRECS,11766.0,3
775200,,,INTARIAN_PEPPER_ROOT,XIRECS,11769.0,7
778000,,,INTARIAN_PEPPER_ROOT,XIRECS,11780.0,6
778200,,,INTARIAN_PEPPER_ROOT,XIRECS,11772.0,6
780700,,,INTARIAN_PEPPER_ROOT,XIRECS,11777.0,7
783500,,,INTARIAN_PEPPER_ROOT,XIRECS,11790.0,6
785700,,,INTARIAN_PEPPER_ROOT,XIRECS,11782.0,6
791000,,,INTARIAN_PEPPER_ROOT,XIRECS,11787.0,8
791600,,,INTARIAN_PEPPER_ROOT,XIRECS,11785.0,4
795600,,,INTARIAN_PEPPER_ROOT,XIRECS,11802.0,5
795700,,,INTARIAN_PEPPER_ROOT,XIRECS,11799.0,7
805800,,,INTARIAN_PEPPER_ROOT,XIRECS,11799.0,5
807000,,,INTARIAN_PEPPER_ROOT,XIRECS,11801.0,4
807700,,,INTARIAN_PEPPER_ROOT,XIRECS,11801.0,7
816800,,,INTARIAN_PEPPER_ROOT,XIRECS,11823.0,7
818000,,,INTARIAN_PEPPER_ROOT,XIRECS,11812.0,6
820500,,,INTARIAN_PEPPER_ROOT,XIRECS,11811.0,7
823900,,,INTARIAN_PEPPER_ROOT,XIRECS,11817.0,6
829300,,,INTARIAN_PEPPER_ROOT,XIRECS,11832.0,6
830900,,,INTARIAN_PEPPER_ROOT,XIRECS,11827.0,7
832800,,,INTARIAN_PEPPER_ROOT,XIRECS,11826.0,7
834800,,,INTARIAN_PEPPER_ROOT,XIRECS,11828.0,5
839400,,,INTARIAN_PEPPER_ROOT,XIRECS,11849.0,3
846300,,,INTARIAN_PEPPER_ROOT,XIRECS,11840.0,3
846600,,,INTARIAN_PEPPER_ROOT,XIRECS,11840.0,5
847400,,,INTARIAN_PEPPER_ROOT,XIRECS,11843.0,7
851900,,,INTARIAN_PEPPER_ROOT,XIRECS,11848.0,4
856800,,,INTARIAN_PEPPER_ROOT,XIRECS,11853.0,8
859800,,,INTARIAN_PEPPER_ROOT,XIRECS,11863.0,4
862300,,,INTARIAN_PEPPER_ROOT,XIRECS,11869.0,5
865100,,,INTARIAN_PEPPER_ROOT,XIRECS,11859.0,5
865600,,,INTARIAN_PEPPER_ROOT,XIRECS,11869.0,8
866000,,,INTARIAN_PEPPER_ROOT,XIRECS,11860.0,6
869500,,,INTARIAN_PEPPER_ROOT,XIRECS,11876.0,7
870000,,,INTARIAN_PEPPER_ROOT,XIRECS,11876.0,6
870300,,,INTARIAN_PEPPER_ROOT,XIRECS,11864.0,6
870700,,,INTARIAN_PEPPER_ROOT,XIRECS,11877.0,6
881400,,,INTARIAN_PEPPER_ROOT,XIRECS,11875.0,6
881500,,,INTARIAN_PEPPER_ROOT,XIRECS,11888.0,4
886200,,,INTARIAN_PEPPER_ROOT,XIRECS,11893.0,7
893300,,,INTARIAN_PEPPER_ROOT,XIRECS,11896.0,5
896500,,,INTARIAN_PEPPER_ROOT,XIRECS,11900.0,3
897900,,,INTARIAN_PEPPER_ROOT,XIRECS,11901.0,5
901200,,,INTARIAN_PEPPER_ROOT,XIRECS,11904.0,4
905100,,,INTARIAN_PEPPER_ROOT,XIRECS,11912.0,6
912400,,,INTARIAN_PEPPER_ROOT,XIRECS,11906.0,7
913600,,,INTARIAN_PEPPER_ROOT,XIRECS,11910.0,6
918300,,,INTARIAN_PEPPER_ROOT,XIRECS,11921.0,3
918900,,,INTARIAN_PEPPER_ROOT,XIRECS,11925.0,3
928500,,,INTARIAN_PEPPER_ROOT,XIRECS,11935.0,3
933200,,,INTARIAN_PEPPER_ROOT,XIRECS,11924.0,3
938200,,,INTARIAN_PEPPER_ROOT,XIRECS,11934.0,3
941600,,,INTARIAN_PEPPER_ROOT,XIRECS,11935.0,5
944100,,,INTARIAN_PEPPER_ROOT,XIRECS,11951.0,3
944400,,,INTARIAN_PEPPER_ROOT,XIRECS,11954.0,7
945800,,,INTARIAN_PEPPER_ROOT,XIRECS,11949.0,3
947600,,,INTARIAN_PEPPER_ROOT,XIRECS,11941.0,7
949400,,,INTARIAN_PEPPER_ROOT,XIRECS,11945.0,6
951800,,,INTARIAN_PEPPER_ROOT,XIRECS,11961.0,6
952100,,,INTARIAN_PEPPER_ROOT,XIRECS,11946.0,4
958000,,,INTARIAN_PEPPER_ROOT,XIRECS,11964.0,3
963100,,,INTARIAN_PEPPER_ROOT,XIRECS,11966.0,5
965400,,,INTARIAN_PEPPER_ROOT,XIRECS,11959.0,5
968200,,,INTARIAN_PEPPER_ROOT,XIRECS,11962.0,7
974400,,,INTARIAN_PEPPER_ROOT,XIRECS,11977.0,5
976100,,,INTARIAN_PEPPER_ROOT,XIRECS,11970.0,3
976700,,,INTARIAN_PEPPER_ROOT,XIRECS,11970.0,6
984400,,,INTARIAN_PEPPER_ROOT,XIRECS,11991.0,3
985200,,,INTARIAN_PEPPER_ROOT,XIRECS,11992.0,5
991300,,,INTARIAN_PEPPER_ROOT,XIRECS,11985.0,7
991500,,,INTARIAN_PEPPER_ROOT,XIRECS,12001.0,6
995200,,,INTARIAN_PEPPER_ROOT,XIRECS,11989.0,4
998300,,,INTARIAN_PEPPER_ROOT,XIRECS,12005.0,6
1000,,,INTARIAN_PEPPER_ROOT,XIRECS,9995.0,7
4000,,,INTARIAN_PEPPER_ROOT,XIRECS,10007.0,7
10500,,,INTARIAN_PEPPER_ROOT,XIRECS,10013.0,5
12600,,,INTARIAN_PEPPER_ROOT,XIRECS,10018.0,3
15000,,,INTARIAN_PEPPER_ROOT,XIRECS,10021.0,7
15600,,,INTARIAN_PEPPER_ROOT,XIRECS,10021.0,3
20200,,,INTARIAN_PEPPER_ROOT,XIRECS,10026.0,6
21500,,,INTARIAN_PEPPER_ROOT,XIRECS,10027.0,4
22600,,,INTARIAN_PEPPER_ROOT,XIRECS,10019.0,3
22600,,,INTARIAN_PEPPER_ROOT,XIRECS,10019.0,4
28200,,,INTARIAN_PEPPER_ROOT,XIRECS,10034.0,6
29300,,,INTARIAN_PEPPER_ROOT,XIRECS,10021.0,6
29400,,,INTARIAN_PEPPER_ROOT,XIRECS,10035.0,7
32800,,,INTARIAN_PEPPER_ROOT,XIRECS,10038.0,3
35200,,,INTARIAN_PEPPER_ROOT,XIRECS,10032.0,5
37900,,,INTARIAN_PEPPER_ROOT,XIRECS,10040.0,4
38600,,,INTARIAN_PEPPER_ROOT,XIRECS,10033.0,6
42500,,,INTARIAN_PEPPER_ROOT,XIRECS,10037.0,3
45900,,,INTARIAN_PEPPER_ROOT,XIRECS,10038.0,6
46400,,,INTARIAN_PEPPER_ROOT,XIRECS,10049.0,4
52900,,,INTARIAN_PEPPER_ROOT,XIRECS,10049.0,6
53000,,,INTARIAN_PEPPER_ROOT,XIRECS,10049.0,6
53800,,,INTARIAN_PEPPER_ROOT,XIRECS,10048.0,4
55300,,,INTARIAN_PEPPER_ROOT,XIRECS,10052.0,7
57200,,,INTARIAN_PEPPER_ROOT,XIRECS,10060.0,8
60900,,,INTARIAN_PEPPER_ROOT,XIRECS,10066.0,6
61700,,,INTARIAN_PEPPER_ROOT,XIRECS,10064.0,5
64800,,,INTARIAN_PEPPER_ROOT,XIRECS,10059.0,7
72400,,,INTARIAN_PEPPER_ROOT,XIRECS,10067.0,5
73400,,,INTARIAN_PEPPER_ROOT,XIRECS,10079.0,3
86600,,,INTARIAN_PEPPER_ROOT,XIRECS,10083.0,3
88100,,,INTARIAN_PEPPER_ROOT,XIRECS,10094.0,6
89000,,,INTARIAN_PEPPER_ROOT,XIRECS,10095.0,6
91200,,,INTARIAN_PEPPER_ROOT,XIRECS,10086.0,5
91900,,,INTARIAN_PEPPER_ROOT,XIRECS,10084.0,7
98600,,,INTARIAN_PEPPER_ROOT,XIRECS,10101.0,3
102000,,,INTARIAN_PEPPER_ROOT,XIRECS,10096.0,7
108200,,,INTARIAN_PEPPER_ROOT,XIRECS,10114.0,6
114500,,,INTARIAN_PEPPER_ROOT,XIRECS,10120.0,4
117700,,,INTARIAN_PEPPER_ROOT,XIRECS,10114.0,8
123300,,,INTARIAN_PEPPER_ROOT,XIRECS,10129.0,4
129400,,,INTARIAN_PEPPER_ROOT,XIRECS,10132.0,5
130000,,,INTARIAN_PEPPER_ROOT,XIRECS,10124.0,4
131400,,,INTARIAN_PEPPER_ROOT,XIRECS,10139.0,5
134600,,,INTARIAN_PEPPER_ROOT,XIRECS,10129.0,5
136200,,,INTARIAN_PEPPER_ROOT,XIRECS,10139.0,7
141800,,,INTARIAN_PEPPER_ROOT,XIRECS,10136.0,5
144100,,,INTARIAN_PEPPER_ROOT,XIRECS,10136.0,3
148600,,,INTARIAN_PEPPER_ROOT,XIRECS,10154.0,7
149300,,,INTARIAN_PEPPER_ROOT,XIRECS,10144.0,3
155500,,,INTARIAN_PEPPER_ROOT,XIRECS,10152.0,4
156300,,,INTARIAN_PEPPER_ROOT,XIRECS,10151.0,3
156800,,,INTARIAN_PEPPER_ROOT,XIRECS,10159.0,3
159700,,,INTARIAN_PEPPER_ROOT,XIRECS,10156.0,7
165400,,,INTARIAN_PEPPER_ROOT,XIRECS,10171.0,4
169300,,,INTARIAN_PEPPER_ROOT,XIRECS,10164.0,3
175000,,,INTARIAN_PEPPER_ROOT,XIRECS,10181.0,3
178600,,,INTARIAN_PEPPER_ROOT,XIRECS,10175.0,4
184500,,,INTARIAN_PEPPER_ROOT,XIRECS,10190.0,7
184900,,,INTARIAN_PEPPER_ROOT,XIRECS,10177.0,3
185600,,,INTARIAN_PEPPER_ROOT,XIRECS,10191.0,5
189700,,,INTARIAN_PEPPER_ROOT,XIRECS,10192.0,6
190200,,,INTARIAN_PEPPER_ROOT,XIRECS,10196.0,3
193900,,,INTARIAN_PEPPER_ROOT,XIRECS,10199.0,6
202400,,,INTARIAN_PEPPER_ROOT,XIRECS,10197.0,6
203300,,,INTARIAN_PEPPER_ROOT,XIRECS,10198.0,6
205000,,,INTARIAN_PEPPER_ROOT,XIRECS,10208.0,7
206100,,,INTARIAN_PEPPER_ROOT,XIRECS,10203.0,6
206400,,,INTARIAN_PEPPER_ROOT,XIRECS,10203.0,4
207300,,,INTARIAN_PEPPER_ROOT,XIRECS,10202.0,5
208200,,,INTARIAN_PEPPER_ROOT,XIRECS,10203.0,7
208700,,,INTARIAN_PEPPER_ROOT,XIRECS,10203.0,4
210300,,,INTARIAN_PEPPER_ROOT,XIRECS,10216.0,5
212300,,,INTARIAN_PEPPER_ROOT,XIRECS,10218.0,6
218400,,,INTARIAN_PEPPER_ROOT,XIRECS,10213.0,7
219700,,,INTARIAN_PEPPER_ROOT,XIRECS,10225.0,3
219900,,,INTARIAN_PEPPER_ROOT,XIRECS,10214.0,3
221200,,,INTARIAN_PEPPER_ROOT,XIRECS,10218.0,8
221600,,,INTARIAN_PEPPER_ROOT,XIRECS,10227.0,6
225400,,,INTARIAN_PEPPER_ROOT,XIRECS,10228.0,3
226400,,,INTARIAN_PEPPER_ROOT,XIRECS,10232.0,5
231300,,,INTARIAN_PEPPER_ROOT,XIRECS,10234.0,7
231500,,,INTARIAN_PEPPER_ROOT,XIRECS,10226.0,5
231600,,,INTARIAN_PEPPER_ROOT,XIRECS,10237.0,4
234600,,,INTARIAN_PEPPER_ROOT,XIRECS,10229.0,5
235900,,,INTARIAN_PEPPER_ROOT,XIRECS,10244.0,6
241600,,,INTARIAN_PEPPER_ROOT,XIRECS,10247.0,7
243300,,,INTARIAN_PEPPER_ROOT,XIRECS,10246.0,4
246100,,,INTARIAN_PEPPER_ROOT,XIRECS,10240.0,5
248400,,,INTARIAN_PEPPER_ROOT,XIRECS,10257.0,7
250000,,,INTARIAN_PEPPER_ROOT,XIRECS,10244.0,5
250900,,,INTARIAN_PEPPER_ROOT,XIRECS,10257.0,7
253000,,,INTARIAN_PEPPER_ROOT,XIRECS,10249.0,4
262700,,,INTARIAN_PEPPER_ROOT,XIRECS,10265.0,3
264000,,,INTARIAN_PEPPER_ROOT,XIRECS,10260.0,6
265700,,,INTARIAN_PEPPER_ROOT,XIRECS,10274.0,4
268700,,,INTARIAN_PEPPER_ROOT,XIRECS,10265.0,5
275500,,,INTARIAN_PEPPER_ROOT,XIRECS,10270.0,6
282300,,,INTARIAN_PEPPER_ROOT,XIRECS,10277.0,5
283000,,,INTARIAN_PEPPER_ROOT,XIRECS,10289.0,5
286200,,,INTARIAN_PEPPER_ROOT,XIRECS,10292.0,4
288800,,,INTARIAN_PEPPER_ROOT,XIRECS,10283.0,5
289000,,,INTARIAN_PEPPER_ROOT,XIRECS,10292.0,5
292300,,,INTARIAN_PEPPER_ROOT,XIRECS,10298.0,7
295100,,,INTARIAN_PEPPER_ROOT,XIRECS,10292.0,7
298900,,,INTARIAN_PEPPER_ROOT,XIRECS,10291.0,3
301900,,,INTARIAN_PEPPER_ROOT,XIRECS,10310.0,7
311700,,,INTARIAN_PEPPER_ROOT,XIRECS,10317.0,7
313600,,,INTARIAN_PEPPER_ROOT,XIRECS,10310.0,4
314500,,,INTARIAN_PEPPER_ROOT,XIRECS,10309.0,5
314800,,,INTARIAN_PEPPER_ROOT,XIRECS,10311.0,4
321000,,,INTARIAN_PEPPER_ROOT,XIRECS,10317.0,6
324800,,,INTARIAN_PEPPER_ROOT,XIRECS,10319.0,4
326300,,,INTARIAN_PEPPER_ROOT,XIRECS,10321.0,7
329100,,,INTARIAN_PEPPER_ROOT,XIRECS,10332.0,6
334500,,,INTARIAN_PEPPER_ROOT,XIRECS,10331.0,5
336400,,,INTARIAN_PEPPER_ROOT,XIRECS,10342.0,5
340200,,,INTARIAN_PEPPER_ROOT,XIRECS,10348.0,3
342200,,,INTARIAN_PEPPER_ROOT,XIRECS,10350.0,7
344500,,,INTARIAN_PEPPER_ROOT,XIRECS,10339.0,7
344500,,,INTARIAN_PEPPER_ROOT,XIRECS,10341.0,8
345500,,,INTARIAN_PEPPER_ROOT,XIRECS,10340.0,6
346700,,,INTARIAN_PEPPER_ROOT,XIRECS,10338.0,3
347100,,,INTARIAN_PEPPER_ROOT,XIRECS,10355.0,7
348000,,,INTARIAN_PEPPER_ROOT,XIRECS,10351.0,4
349500,,,INTARIAN_PEPPER_ROOT,XIRECS,10344.0,7
350200,,,INTARIAN_PEPPER_ROOT,XIRECS,10356.0,5
352000,,,INTARIAN_PEPPER_ROOT,XIRECS,10355.0,8
357200,,,INTARIAN_PEPPER_ROOT,XIRECS,10352.0,6
358100,,,INTARIAN_PEPPER_ROOT,XIRECS,10360.0,7
362100,,,INTARIAN_PEPPER_ROOT,XIRECS,10356.0,6
363400,,,INTARIAN_PEPPER_ROOT,XIRECS,10358.0,5
372700,,,INTARIAN_PEPPER_ROOT,XIRECS,10364.0,3
377700,,,INTARIAN_PEPPER_ROOT,XIRECS,10383.0,6
382000,,,INTARIAN_PEPPER_ROOT,XIRECS,10388.0,5
383600,,,INTARIAN_PEPPER_ROOT,XIRECS,10380.0,3
387800,,,INTARIAN_PEPPER_ROOT,XIRECS,10393.0,5
388800,,,INTARIAN_PEPPER_ROOT,XIRECS,10383.0,3
394900,,,INTARIAN_PEPPER_ROOT,XIRECS,10387.0,7
395400,,,INTARIAN_PEPPER_ROOT,XIRECS,10398.0,7
396000,,,INTARIAN_PEPPER_ROOT,XIRECS,10390.0,4
402600,,,INTARIAN_PEPPER_ROOT,XIRECS,10394.0,3
402900,,,INTARIAN_PEPPER_ROOT,XIRECS,10397.0,7
403700,,,INTARIAN_PEPPER_ROOT,XIRECS,10395.0,5
407200,,,INTARIAN_PEPPER_ROOT,XIRECS,10404.0,7
407500,,,INTARIAN_PEPPER_ROOT,XIRECS,10413.0,5
410900,,,INTARIAN_PEPPER_ROOT,XIRECS,10417.0,3
413000,,,INTARIAN_PEPPER_ROOT,XIRECS,10416.0,3
419500,,,INTARIAN_PEPPER_ROOT,XIRECS,10425.0,6
430400,,,INTARIAN_PEPPER_ROOT,XIRECS,10422.0,5
433200,,,INTARIAN_PEPPER_ROOT,XIRECS,10439.0,7
433600,,,INTARIAN_PEPPER_ROOT,XIRECS,10442.0,7
434800,,,INTARIAN_PEPPER_ROOT,XIRECS,10441.0,4
442400,,,INTARIAN_PEPPER_ROOT,XIRECS,10439.0,8
443400,,,INTARIAN_PEPPER_ROOT,XIRECS,10440.0,6
457900,,,INTARIAN_PEPPER_ROOT,XIRECS,10452.0,4
461000,,,INTARIAN_PEPPER_ROOT,XIRECS,10467.0,5
467000,,,INTARIAN_PEPPER_ROOT,XIRECS,10473.0,6
468800,,,INTARIAN_PEPPER_ROOT,XIRECS,10463.0,6
469100,,,INTARIAN_PEPPER_ROOT,XIRECS,10463.0,3
472900,,,INTARIAN_PEPPER_ROOT,XIRECS,10467.0,3
473700,,,INTARIAN_PEPPER_ROOT,XIRECS,10468.0,3
475500,,,INTARIAN_PEPPER_ROOT,XIRECS,10481.0,7
478200,,,INTARIAN_PEPPER_ROOT,XIRECS,10481.0,6
481300,,,INTARIAN_PEPPER_ROOT,XIRECS,10490.0,4
487400,,,INTARIAN_PEPPER_ROOT,XIRECS,10493.0,6
489600,,,INTARIAN_PEPPER_ROOT,XIRECS,10486.0,6
501200,,,INTARIAN_PEPPER_ROOT,XIRECS,10507.0,5
502300,,,INTARIAN_PEPPER_ROOT,XIRECS,10497.0,3
505500,,,INTARIAN_PEPPER_ROOT,XIRECS,10511.0,5
507600,,,INTARIAN_PEPPER_ROOT,XIRECS,10513.0,3
508100,,,INTARIAN_PEPPER_ROOT,XIRECS,10511.0,6
509500,,,INTARIAN_PEPPER_ROOT,XIRECS,10504.0,5
511400,,,INTARIAN_PEPPER_ROOT,XIRECS,10508.0,3
512000,,,INTARIAN_PEPPER_ROOT,XIRECS,10506.0,3
514700,,,INTARIAN_PEPPER_ROOT,XIRECS,10509.0,7
520500,,,INTARIAN_PEPPER_ROOT,XIRECS,10515.0,6
522200,,,INTARIAN_PEPPER_ROOT,XIRECS,10516.0,6
523000,,,INTARIAN_PEPPER_ROOT,XIRECS,10519.0,8
526200,,,INTARIAN_PEPPER_ROOT,XIRECS,10523.0,3
528000,,,INTARIAN_PEPPER_ROOT,XIRECS,10524.0,4
530100,,,INTARIAN_PEPPER_ROOT,XIRECS,10533.0,6
533500,,,INTARIAN_PEPPER_ROOT,XIRECS,10528.0,7
533800,,,INTARIAN_PEPPER_ROOT,XIRECS,10540.0,6
535700,,,INTARIAN_PEPPER_ROOT,XIRECS,10532.0,5
537900,,,INTARIAN_PEPPER_ROOT,XIRECS,10540.0,6
543000,,,INTARIAN_PEPPER_ROOT,XIRECS,10546.0,7
545000,,,INTARIAN_PEPPER_ROOT,XIRECS,10551.0,7
546800,,,INTARIAN_PEPPER_ROOT,XIRECS,10553.0,7
547100,,,INTARIAN_PEPPER_ROOT,XIRECS,10543.0,5
547700,,,INTARIAN_PEPPER_ROOT,XIRECS,10553.0,7
550400,,,INTARIAN_PEPPER_ROOT,XIRECS,10559.0,7
560900,,,INTARIAN_PEPPER_ROOT,XIRECS,10567.0,7
570300,,,INTARIAN_PEPPER_ROOT,XIRECS,10565.0,4
571800,,,INTARIAN_PEPPER_ROOT,XIRECS,10574.0,3
574400,,,INTARIAN_PEPPER_ROOT,XIRECS,10577.0,6
575600,,,INTARIAN_PEPPER_ROOT,XIRECS,10570.0,5
583100,,,INTARIAN_PEPPER_ROOT,XIRECS,10589.0,5
585300,,,INTARIAN_PEPPER_ROOT,XIRECS,10580.0,7
586100,,,INTARIAN_PEPPER_ROOT,XIRECS,10592.0,6
586900,,,INTARIAN_PEPPER_ROOT,XIRECS,10581.0,6
590600,,,INTARIAN_PEPPER_ROOT,XIRECS,10596.0,5
593300,,,INTARIAN_PEPPER_ROOT,XIRECS,10588.0,3
597300,,,INTARIAN_PEPPER_ROOT,XIRECS,10603.0,3
597600,,,INTARIAN_PEPPER_ROOT,XIRECS,10592.0,4
601400,,,INTARIAN_PEPPER_ROOT,XIRECS,10596.0,6
601700,,,INTARIAN_PEPPER_ROOT,XIRECS,10610.0,3
609200,,,INTARIAN_PEPPER_ROOT,XIRECS,10618.0,3
610400,,,INTARIAN_PEPPER_ROOT,XIRECS,10613.0,7
611200,,,INTARIAN_PEPPER_ROOT,XIRECS,10608.0,4
612600,,,INTARIAN_PEPPER_ROOT,XIRECS,10604.0,5
613000,,,INTARIAN_PEPPER_ROOT,XIRECS,10621.0,3
613900,,,INTARIAN_PEPPER_ROOT,XIRECS,10620.0,5
614900,,,INTARIAN_PEPPER_ROOT,XIRECS,10611.0,5
615400,,,INTARIAN_PEPPER_ROOT,XIRECS,10610.0,5
625500,,,INTARIAN_PEPPER_ROOT,XIRECS,10631.0,3
628300,,,INTARIAN_PEPPER_ROOT,XIRECS,10622.0,5
628400,,,INTARIAN_PEPPER_ROOT,XIRECS,10620.0,6
628700,,,INTARIAN_PEPPER_ROOT,XIRECS,10631.0,5
631400,,,INTARIAN_PEPPER_ROOT,XIRECS,10637.0,4
636400,,,INTARIAN_PEPPER_ROOT,XIRECS,10642.0,3
639200,,,INTARIAN_PEPPER_ROOT,XIRECS,10631.0,3
640500,,,INTARIAN_PEPPER_ROOT,XIRECS,10646.0,7
644600,,,INTARIAN_PEPPER_ROOT,XIRECS,10639.0,6
648000,,,INTARIAN_PEPPER_ROOT,XIRECS,10654.0,3
650300,,,INTARIAN_PEPPER_ROOT,XIRECS,10644.0,7
652900,,,INTARIAN_PEPPER_ROOT,XIRECS,10659.0,3
654100,,,INTARIAN_PEPPER_ROOT,XIRECS,10646.0,4
654200,,,INTARIAN_PEPPER_ROOT,XIRECS,10660.0,3
655500,,,INTARIAN_PEPPER_ROOT,XIRECS,10652.0,6
659100,,,INTARIAN_PEPPER_ROOT,XIRECS,10655.0,4
662300,,,INTARIAN_PEPPER_ROOT,XIRECS,10668.0,4
662600,,,INTARIAN_PEPPER_ROOT,XIRECS,10659.0,3
669500,,,INTARIAN_PEPPER_ROOT,XIRECS,10675.0,6
671700,,,INTARIAN_PEPPER_ROOT,XIRECS,10666.0,7
676600,,,INTARIAN_PEPPER_ROOT,XIRECS,10682.0,3
681300,,,INTARIAN_PEPPER_ROOT,XIRECS,10679.0,7
687800,,,INTARIAN_PEPPER_ROOT,XIRECS,10691.0,5
688100,,,INTARIAN_PEPPER_ROOT,XIRECS,10697.0,3
693200,,,INTARIAN_PEPPER_ROOT,XIRECS,10689.0,5
698300,,,INTARIAN_PEPPER_ROOT,XIRECS,10704.0,3
701400,,,INTARIAN_PEPPER_ROOT,XIRECS,10707.0,3
703900,,,INTARIAN_PEPPER_ROOT,XIRECS,10698.0,3
709300,,,INTARIAN_PEPPER_ROOT,XIRECS,10715.0,5
711700,,,INTARIAN_PEPPER_ROOT,XIRECS,10706.0,7
713000,,,INTARIAN_PEPPER_ROOT,XIRECS,10719.0,6
718100,,,INTARIAN_PEPPER_ROOT,XIRECS,10712.0,3
719800,,,INTARIAN_PEPPER_ROOT,XIRECS,10714.0,7
721900,,,INTARIAN_PEPPER_ROOT,XIRECS,10716.0,6
724100,,,INTARIAN_PEPPER_ROOT,XIRECS,10720.0,8
727600,,,INTARIAN_PEPPER_ROOT,XIRECS,10733.0,6
728900,,,INTARIAN_PEPPER_ROOT,XIRECS,10735.0,4
738200,,,INTARIAN_PEPPER_ROOT,XIRECS,10732.0,5
742500,,,INTARIAN_PEPPER_ROOT,XIRECS,10737.0,4
742800,,,INTARIAN_PEPPER_ROOT,XIRECS,10749.0,3
745000,,,INTARIAN_PEPPER_ROOT,XIRECS,10739.0,3
747000,,,INTARIAN_PEPPER_ROOT,XIRECS,10753.0,3
748600,,,INTARIAN_PEPPER_ROOT,XIRECS,10743.0,4
749100,,,INTARIAN_PEPPER_ROOT,XIRECS,10743.0,6
750500,,,INTARIAN_PEPPER_ROOT,XIRECS,10747.0,3
756600,,,INTARIAN_PEPPER_ROOT,XIRECS,10762.0,5
759800,,,INTARIAN_PEPPER_ROOT,XIRECS,10763.0,5
765600,,,INTARIAN_PEPPER_ROOT,XIRECS,10768.0,4
767800,,,INTARIAN_PEPPER_ROOT,XIRECS,10762.0,6
771000,,,INTARIAN_PEPPER_ROOT,XIRECS,10767.0,8
771100,,,INTARIAN_PEPPER_ROOT,XIRECS,10774.0,6
777000,,,INTARIAN_PEPPER_ROOT,XIRECS,10771.0,6
778300,,,INTARIAN_PEPPER_ROOT,XIRECS,10784.0,6
782000,,,INTARIAN_PEPPER_ROOT,XIRECS,10788.0,3
783900,,,INTARIAN_PEPPER_ROOT,XIRECS,10778.0,3
784100,,,INTARIAN_PEPPER_ROOT,XIRECS,10786.0,4
787900,,,INTARIAN_PEPPER_ROOT,XIRECS,10794.0,5
789700,,,INTARIAN_PEPPER_ROOT,XIRECS,10796.0,6
790600,,,INTARIAN_PEPPER_ROOT,XIRECS,10787.0,4
794200,,,INTARIAN_PEPPER_ROOT,XIRECS,10788.0,5
794700,,,INTARIAN_PEPPER_ROOT,XIRECS,10791.0,4
795300,,,INTARIAN_PEPPER_ROOT,XIRECS,10798.0,7
795500,,,INTARIAN_PEPPER_ROOT,XIRECS,10787.0,4
795900,,,INTARIAN_PEPPER_ROOT,XIRECS,10790.0,3
796600,,,INTARIAN_PEPPER_ROOT,XIRECS,10793.0,6
797900,,,INTARIAN_PEPPER_ROOT,XIRECS,10806.0,6
800000,,,INTARIAN_PEPPER_ROOT,XIRECS,10794.0,4
801600,,,INTARIAN_PEPPER_ROOT,XIRECS,10796.0,5
804600,,,INTARIAN_PEPPER_ROOT,XIRECS,10811.0,5
809500,,,INTARIAN_PEPPER_ROOT,XIRECS,10815.0,7
811000,,,INTARIAN_PEPPER_ROOT,XIRECS,10814.0,3
822000,,,INTARIAN_PEPPER_ROOT,XIRECS,10813.0,3
826500,,,INTARIAN_PEPPER_ROOT,XIRECS,10821.0,7
832500,,,INTARIAN_PEPPER_ROOT,XIRECS,10838.0,3
835400,,,INTARIAN_PEPPER_ROOT,XIRECS,10829.0,3
839600,,,INTARIAN_PEPPER_ROOT,XIRECS,10846.0,5
840000,,,INTARIAN_PEPPER_ROOT,XIRECS,10834.0,6
840200,,,INTARIAN_PEPPER_ROOT,XIRECS,10846.0,4
840600,,,INTARIAN_PEPPER_ROOT,XIRECS,10835.0,6
841200,,,INTARIAN_PEPPER_ROOT,XIRECS,10850.0,4
841700,,,INTARIAN_PEPPER_ROOT,XIRECS,10848.0,7
844700,,,INTARIAN_PEPPER_ROOT,XIRECS,10839.0,6
845800,,,INTARIAN_PEPPER_ROOT,XIRECS,10837.0,4
851800,,,INTARIAN_PEPPER_ROOT,XIRECS,10860.0,4
864600,,,INTARIAN_PEPPER_ROOT,XIRECS,10859.0,5
868000,,,INTARIAN_PEPPER_ROOT,XIRECS,10864.0,3
868500,,,INTARIAN_PEPPER_ROOT,XIRECS,10866.0,6
869200,,,INTARIAN_PEPPER_ROOT,XIRECS,10878.0,4
870000,,,INTARIAN_PEPPER_ROOT,XIRECS,10866.0,5
875400,,,INTARIAN_PEPPER_ROOT,XIRECS,10881.0,6
883900,,,INTARIAN_PEPPER_ROOT,XIRECS,10875.0,5
888900,,,INTARIAN_PEPPER_ROOT,XIRECS,10895.0,3
893700,,,INTARIAN_PEPPER_ROOT,XIRECS,10900.0,5
894100,,,INTARIAN_PEPPER_ROOT,XIRECS,10900.0,6
896800,,,INTARIAN_PEPPER_ROOT,XIRECS,10891.0,3
899300,,,INTARIAN_PEPPER_ROOT,XIRECS,10905.0,3
901000,,,INTARIAN_PEPPER_ROOT,XIRECS,10904.0,7
903300,,,INTARIAN_PEPPER_ROOT,XIRECS,10895.0,6
904100,,,INTARIAN_PEPPER_ROOT,XIRECS,10910.0,5
905100,,,INTARIAN_PEPPER_ROOT,XIRECS,10899.0,3
905700,,,INTARIAN_PEPPER_ROOT,XIRECS,10900.0,7
907500,,,INTARIAN_PEPPER_ROOT,XIRECS,10913.0,4
910200,,,INTARIAN_PEPPER_ROOT,XIRECS,10906.0,6
911400,,,INTARIAN_PEPPER_ROOT,XIRECS,10908.0,6
912900,,,INTARIAN_PEPPER_ROOT,XIRECS,10916.0,8
914800,,,INTARIAN_PEPPER_ROOT,XIRECS,10918.0,4
915400,,,INTARIAN_PEPPER_ROOT,XIRECS,10907.0,5
923900,,,INTARIAN_PEPPER_ROOT,XIRECS,10930.0,7
924300,,,INTARIAN_PEPPER_ROOT,XIRECS,10918.0,6
929200,,,INTARIAN_PEPPER_ROOT,XIRECS,10923.0,5
932300,,,INTARIAN_PEPPER_ROOT,XIRECS,10926.0,3
934000,,,INTARIAN_PEPPER_ROOT,XIRECS,10928.0,5
938000,,,INTARIAN_PEPPER_ROOT,XIRECS,10941.0,4
941700,,,INTARIAN_PEPPER_ROOT,XIRECS,10948.0,6
942600,,,INTARIAN_PEPPER_ROOT,XIRECS,10937.0,6
944100,,,INTARIAN_PEPPER_ROOT,XIRECS,10947.0,6
947900,,,INTARIAN_PEPPER_ROOT,XIRECS,10942.0,3
957200,,,INTARIAN_PEPPER_ROOT,XIRECS,10951.0,7
957300,,,INTARIAN_PEPPER_ROOT,XIRECS,10951.0,3
957500,,,INTARIAN_PEPPER_ROOT,XIRECS,10952.0,7
965400,,,INTARIAN_PEPPER_ROOT,XIRECS,10971.0,6
965600,,,INTARIAN_PEPPER_ROOT,XIRECS,10960.0,5
965900,,,INTARIAN_PEPPER_ROOT,XIRECS,10972.0,3
973900,,,INTARIAN_PEPPER_ROOT,XIRECS,10980.0,6
981900,,,INTARIAN_PEPPER_ROOT,XIRECS,10985.0,3
982600,,,INTARIAN_PEPPER_ROOT,XIRECS,10974.0,7
985200,,,INTARIAN_PEPPER_ROOT,XIRECS,10994.0,4
989100,,,INTARIAN_PEPPER_ROOT,XIRECS,10980.0,6
997500,,,INTARIAN_PEPPER_ROOT,XIRECS,10992.0,7
