day,timestamp,product,bid_price_1,bid_volume_1,bid_price_2,bid_volume_2,bid_price_3,bid_volume_3,ask_price_1,ask_volume_1,ask_price_2,ask_volume_2,ask_price_3,ask_volume_3,mid_price,profit_and_loss
0,0,INTARIAN_PEPPER_ROOT,11991.0,19.0,,,,,12006.0,10.0,12009.0,19.0,,,11998.5,0.0
0,100,INTARIAN_PEPPER_ROOT,11994.0,9.0,11991.0,23.0,,,12007.0,9.0,12010.0,23.0,,,12000.5,0.0
0,200,INTARIAN_PEPPER_ROOT,11991.0,20.0,,,,,12007.0,11.0,12010.0,20.0,,,11999.0,0.0
0,300,INTARIAN_PEPPER_ROOT,11994.0,10.0,11991.0,24.0,,,12007.0,10.0,,,,,12000.5,0.0
0,400,INTARIAN_PEPPER_ROOT,11994.0,12.0,11991.0,25.0,,,,,,,,,11994.0,0.0
0,500,INTARIAN_PEPPER_ROOT,11994.0,11.0,11991.0,25.0,,,12007.0,11.0,12010.0,25.0,,,12000.5,0.0
0,600,INTARIAN_PEPPER_ROOT,11991.0,17.0,,,,,12007.0,9.0,12010.0,17.0,,,11999.0,0.0
0,700,INTARIAN_PEPPER_ROOT,11994.0,11.0,11991.0,24.0,,,12007.0,11.0,12010.0,24.0,,,12000.5,0.0
0,800,INTARIAN_PEPPER_ROOT,11994.0,9.0,,,,,,,,,,,11994.0,0.0
0,900,INTARIAN_PEPPER_ROOT,11994.0,8.0,11991.0,15.0,,,12007.0,8.0,12010.0,15.0,,,12000.5,0.0
0,1000,INTARIAN_PEPPER_ROOT,11994.0,11.0,11991.0,17.0,,,12007.0,11.0,12010.0,17.0,,,12000.5,0.0
0,1100,INTARIAN_PEPPER_ROOT,,,,,,,12008.0,12.0,12011.0,15.0,,,12008.0,0.0
0,1200,INTARIAN_PEPPER_ROOT,11995.0,8.0,11992.0,21.0,,,12008.0,8.0,12011.0,21.0,,,12001.5,0.0
0,1300,INTARIAN_PEPPER_ROOT,11995.0,8.0,,,,,12008.0,8.0,12011.0,21.0,,,12001.5,0.0
0,1400,INTARIAN_PEPPER_ROOT,11995.0,8.0,11992.0,19.0,,,12008.0,8.0,,,,,12001.5,0.0
0,1500,INTARIAN_PEPPER_ROOT,11995.0,9.0,11992.0,21.0,,,12011.0,21.0,,,,,12003.0,0.0
0,1600,INTARIAN_PEPPER_ROOT,11995.0,10.0,11992.0,24.0,,,12011.0,24.0,,,,,12003.0,0.0
0,1700,INTARIAN_PEPPER_ROOT,11995.0,10.0,11992.0,16.0,,,,,,,,,11995.0,0.0
0,1800,INTARIAN_PEPPER_ROOT,11995.0,10.0,11992.0,15.0,,,12008.0,10.0,12011.0,15.0,,,12001.5,0.0
0,1900,INTARIAN_PEPPER_ROOT,11995.0,9.0,11992.0,23.0,,,12008.0,9.0,12011.0,23.0,,,12001.5,0.0
0,2000,INTARIAN_PEPPER_ROOT,11995.0,10.0,11992.0,25.0,,,12009.0,10.0,12012.0,25.0,,,12002.0,0.0
0,2100,INTARIAN_PEPPER_ROOT,,,,,,,12009.0,10.0,12012.0,23.0,,,12009.0,0.0
0,2200,INTARIAN_PEPPER_ROOT,11996.0,12.0,11993.0,16.0,,,12009.0,12.0,12012.0,16.0,,,12002.5,0.0
0,2300,INTARIAN_PEPPER_ROOT,11996.0,8.0,11993.0,22.0,,,12012.0,22.0,,,,,12004.0,0.0
0,2400,INTARIAN_PEPPER_ROOT,11996.0,12.0,11993.0,20.0,,,12009.0,12.0,12012.0,20.0,,,12002.5,0.0
0,2500,INTARIAN_PEPPER_ROOT,12006.0,4.0,11996.0,10.0,11993.0,16.0,,,,,,,12006.0,0.0
0,2600,INTARIAN_PEPPER_ROOT,11996.0,9.0,,,,,12009.0,9.0,12012.0,21.0,,,12002.5,0.0
0,2700,INTARIAN_PEPPER_ROOT,11996.0,11.0,11993.0,21.0,,,12009.0,11.0,12012.0,21.0,,,12002.5,0.0
0,2800,INTARIAN_PEPPER_ROOT,11996.0,10.0,11993.0,24.0,,,,,,,,,11996.0,0.0
0,2900,INTARIAN_PEPPER_ROOT,11996.0,11.0,11993.0,19.0,,,12009.0,11.0,12012.0,19.0,,,12002.5,0.0
0,3000,INTARIAN_PEPPER_ROOT,11996.0,8.0,11993.0,18.0,,,12010.0,8.0,12013.0,18.0,,,12003.0,0.0
0,3100,INTARIAN_PEPPER_ROOT,,,,,,,12010.0,10.0,12013.0,18.0,,,12010.0,0.0
0,3200,INTARIAN_PEPPER_ROOT,11997.0,12.0,11994.0,21.0,,,12010.0,12.0,12013.0,21.0,,,12003.5,0.0
0,3300,INTARIAN_PEPPER_ROOT,,,,,,,12010.0,8.0,12013.0,22.0,,,12010.0,0.0
0,3400,INTARIAN_PEPPER_ROOT,11997.0,9.0,11994.0,19.0,,,12010.0,9.0,12013.0,19.0,,,12003.5,0.0
0,3500,INTARIAN_PEPPER_ROOT,11997.0,12.0,11994.0,16.0,,,12010.0,12.0,,,,,12003.5,0.0
0,3600,INTARIAN_PEPPER_ROOT,11997.0,9.0,11994.0,16.0,,,12010.0,9.0,12013.0,16.0,,,12003.5,0.0
0,3700,INTARIAN_PEPPER_ROOT,11997.0,9.0,,,,,12010.0,9.0,12013.0,23.0,,,12003.5,0.0
0,3800,INTARIAN_PEPPER_ROOT,11997.0,8.0,11994.0,20.0,,,12006.0,6.0,12013.0,20.0,,,12001.5,0.0
0,3900,INTARIAN_PEPPER_ROOT,11997.0,8.0,11994.0,16.0,,,12010.0,8.0,12013.0,16.0,,,12003.5,0.0
0,4000,INTARIAN_PEPPER_ROOT,11997.0,10.0,11994.0,22.0,,,12011.0,10.0,12014.0,22.0,,,12004.0,0.0
0,4100,INTARIAN_PEPPER_ROOT,11998.0,12.0,11995.0,19.0,,,,,,,,,11998.0,0.0
0,4200,INTARIAN_PEPPER_ROOT,11995.0,15.0,,,,,12014.0,15.0,,,,,12004.5,0.0
0,4300,INTARIAN_PEPPER_ROOT,,,,,,,12011.0,8.0,12014.0,20.0,,,12011.0,0.0
0,4400,INTARIAN_PEPPER_ROOT,11995.0,15.0,,,,,12011.0,11.0,12014.0,15.0,,,12003.0,0.0
0,4500,INTARIAN_PEPPER_ROOT,11998.0,9.0,11995.0,17.0,,,12011.0,9.0,12014.0,17.0,,,12004.5,0.0
0,4600,INTARIAN_PEPPER_ROOT,11998.0,11.0,11995.0,17.0,,,12011.0,11.0,12014.0,17.0,,,12004.5,0.0
0,4700,INTARIAN_PEPPER_ROOT,11998.0,9.0,11995.0,17.0,,,12014.0,17.0,,,,,12006.0,0.0
0,4800,INTARIAN_PEPPER_ROOT,11998.0,8.0,11995.0,21.0,,,12011.0,8.0,12014.0,21.0,,,12004.5,0.0
0,4900,INTARIAN_PEPPER_ROOT,11998.0,10.0,11995.0,16.0,,,12014.0,16.0,,,,,12006.0,0.0
0,5000,INTARIAN_PEPPER_ROOT,11995.0,21.0,,,,,12012.0,10.0,,,,,12003.5,0.0
0,5100,INTARIAN_PEPPER_ROOT,11999.0,8.0,11996.0,18.0,,,12012.0,8.0,12015.0,18.0,,,12005.5,0.0
0,5200,INTARIAN_PEPPER_ROOT,11999.0,10.0,11996.0,24.0,,,12001.0,3.0,12012.0,10.0,12015.0,24.0,12000.0,0.0
0,5300,INTARIAN_PEPPER_ROOT,11999.0,9.0,,,,,12012.0,9.0,12015.0,18.0,,,12005.5,0.0
0,5400,INTARIAN_PEPPER_ROOT,11999.0,10.0,,,,,12015.0,18.0,,,,,12007.0,0.0
0,5500,INTARIAN_PEPPER_ROOT,11999.0,9.0,,,,,12012.0,9.0,,,,,12005.5,0.0
0,5600,INTARIAN_PEPPER_ROOT,11996.0,24.0,,,,,12012.0,12.0,12015.0,24.0,,,12004.0,0.0
0,5700,INTARIAN_PEPPER_ROOT,11999.0,8.0,11996.0,16.0,,,12012.0,8.0,,,,,12005.5,0.0
0,5800,INTARIAN_PEPPER_ROOT,11996.0,21.0,,,,,12015.0,21.0,,,,,12005.5,0.0
0,5900,INTARIAN_PEPPER_ROOT,11999.0,9.0,11996.0,20.0,,,12012.0,9.0,12015.0,20.0,,,12005.5,0.0
0,6000,INTARIAN_PEPPER_ROOT,11996.0,19.0,,,,,12008.0,7.0,12013.0,10.0,12016.0,19.0,12002.0,0.0
0,6100,INTARIAN_PEPPER_ROOT,12000.0,10.0,11997.0,21.0,,,12016.0,21.0,,,,,12008.0,0.0
0,6200,INTARIAN_PEPPER_ROOT,12000.0,11.0,11997.0,19.0,,,12013.0,11.0,12016.0,19.0,,,12006.5,0.0
0,6300,INTARIAN_PEPPER_ROOT,12000.0,9.0,11997.0,25.0,,,12013.0,9.0,12016.0,25.0,,,12006.5,0.0
0,6400,INTARIAN_PEPPER_ROOT,12000.0,10.0,11997.0,24.0,,,12016.0,24.0,,,,,12008.0,0.0
0,6500,INTARIAN_PEPPER_ROOT,12000.0,9.0,11997.0,25.0,,,12013.0,9.0,12016.0,25.0,,,12006.5,0.0
0,6600,INTARIAN_PEPPER_ROOT,11997.0,20.0,,,,,,,,,,,11997.0,0.0
0,6700,INTARIAN_PEPPER_ROOT,12000.0,9.0,11997.0,24.0,,,12016.0,24.0,,,,,12008.0,0.0
0,6800,INTARIAN_PEPPER_ROOT,12000.0,8.0,11997.0,18.0,,,12013.0,8.0,12016.0,18.0,,,12006.5,0.0
0,6900,INTARIAN_PEPPER_ROOT,12000.0,8.0,11997.0,18.0,,,12013.0,8.0,12016.0,18.0,,,12006.5,0.0
0,7000,INTARIAN_PEPPER_ROOT,11997.0,21.0,,,,,12017.0,21.0,,,,,12007.0,0.0
0,7100,INTARIAN_PEPPER_ROOT,12001.0,8.0,,,,,12014.0,8.0,12017.0,24.0,,,12007.5,0.0
0,7200,INTARIAN_PEPPER_ROOT,12001.0,10.0,,,,,12014.0,10.0,12017.0,19.0,,,12007.5,0.0
0,7300,INTARIAN_PEPPER_ROOT,12001.0,10.0,11998.0,21.0,,,12014.0,10.0,,,,,12007.5,0.0
0,7400,INTARIAN_PEPPER_ROOT,12001.0,12.0,11998.0,23.0,,,12014.0,12.0,12017.0,23.0,,,12007.5,0.0
0,7500,INTARIAN_PEPPER_ROOT,12001.0,10.0,11998.0,16.0,,,12017.0,16.0,,,,,12009.0,0.0
0,7600,INTARIAN_PEPPER_ROOT,12001.0,12.0,,,,,12014.0,12.0,12017.0,23.0,,,12007.5,0.0
0,7700,INTARIAN_PEPPER_ROOT,11998.0,17.0,,,,,12014.0,11.0,12017.0,17.0,,,12006.0,0.0
0,7800,INTARIAN_PEPPER_ROOT,12001.0,9.0,11998.0,18.0,,,12014.0,9.0,,,,,12007.5,0.0
0,7900,INTARIAN_PEPPER_ROOT,12001.0,8.0,11998.0,16.0,,,12014.0,8.0,,,,,12007.5,0.0
0,8000,INTARIAN_PEPPER_ROOT,12001.0,11.0,,,,,12018.0,25.0,,,,,12009.5,0.0
0,8100,INTARIAN_PEPPER_ROOT,12002.0,8.0,,,,,12015.0,8.0,12018.0,15.0,,,12008.5,0.0
0,8200,INTARIAN_PEPPER_ROOT,12002.0,9.0,,,,,12015.0,9.0,12018.0,17.0,,,12008.5,0.0
0,8300,INTARIAN_PEPPER_ROOT,11999.0,24.0,,,,,12015.0,11.0,,,,,12007.0,0.0
0,8400,INTARIAN_PEPPER_ROOT,11999.0,23.0,,,,,12015.0,11.0,12018.0,23.0,,,12007.0,0.0
0,8500,INTARIAN_PEPPER_ROOT,12002.0,10.0,11999.0,23.0,,,12015.0,10.0,12018.0,23.0,,,12008.5,0.0
0,8600,INTARIAN_PEPPER_ROOT,12002.0,11.0,11999.0,16.0,,,12015.0,11.0,12018.0,16.0,,,12008.5,0.0
0,8700,INTARIAN_PEPPER_ROOT,12002.0,9.0,11999.0,21.0,,,,,,,,,12002.0,0.0
0,8800,INTARIAN_PEPPER_ROOT,12002.0,11.0,11999.0,17.0,,,12015.0,11.0,12018.0,17.0,,,12008.5,0.0
0,8900,INTARIAN_PEPPER_ROOT,12002.0,12.0,,,,,12018.0,16.0,,,,,12010.0,0.0
0,9000,INTARIAN_PEPPER_ROOT,12002.0,8.0,11999.0,17.0,,,12016.0,8.0,12019.0,17.0,,,12009.0,0.0
0,9100,INTARIAN_PEPPER_ROOT,12003.0,11.0,12000.0,25.0,,,12016.0,11.0,12019.0,25.0,,,12009.5,0.0
0,9200,INTARIAN_PEPPER_ROOT,12000.0,19.0,,,,,12019.0,19.0,,,,,12009.5,0.0
0,9300,INTARIAN_PEPPER_ROOT,12003.0,11.0,12000.0,15.0,,,12005.0,6.0,12016.0,11.0,,,12004.0,0.0
0,9400,INTARIAN_PEPPER_ROOT,12003.0,10.0,12000.0,17.0,,,12016.0,10.0,12019.0,17.0,,,12009.5,0.0
0,9500,INTARIAN_PEPPER_ROOT,12003.0,12.0,12000.0,15.0,,,12016.0,12.0,,,,,12009.5,0.0
0,9600,INTARIAN_PEPPER_ROOT,12003.0,11.0,12000.0,21.0,,,12016.0,11.0,12019.0,21.0,,,12009.5,0.0
0,9700,INTARIAN_PEPPER_ROOT,12003.0,8.0,12000.0,15.0,,,12016.0,8.0,12019.0,15.0,,,12009.5,0.0
0,9800,INTARIAN_PEPPER_ROOT,12003.0,10.0,12000.0,18.0,,,12016.0,10.0,12019.0,18.0,,,12009.5,0.0
0,9900,INTARIAN_PEPPER_ROOT,12000.0,18.0,,,,,12019.0,18.0,,,,,12009.5,0.0
0,10000,INTARIAN_PEPPER_ROOT,12003.0,12.0,12000.0,18.0,,,12017.0,12.0,12020.0,18.0,,,12010.0,0.0
0,10100,INTARIAN_PEPPER_ROOT,12004.0,8.0,,,,,12017.0,8.0,12020.0,18.0,,,12010.5,0.0
0,10200,INTARIAN_PEPPER_ROOT,12001.0,15.0,,,,,12017.0,9.0,12020.0,15.0,,,12009.0,0.0
0,10300,INTARIAN_PEPPER_ROOT,12004.0,10.0,12001.0,17.0,,,12017.0,10.0,12020.0,17.0,,,12010.5,0.0
0,10400,INTARIAN_PEPPER_ROOT,12001.0,17.0,,,,,12017.0,9.0,12020.0,17.0,,,12009.0,0.0
0,10500,INTARIAN_PEPPER_ROOT,12004.0,12.0,12001.0,23.0,,,12017.0,12.0,12020.0,23.0,,,12010.5,0.0
0,10600,INTARIAN_PEPPER_ROOT,12004.0,9.0,12001.0,25.0,,,12017.0,9.0,12020.0,25.0,,,12010.5,0.0
0,10700,INTARIAN_PEPPER_ROOT,12004.0,12.0,12001.0,17.0,,,12017.0,12.0,12020.0,17.0,,,12010.5,0.0
0,10800,INTARIAN_PEPPER_ROOT,12004.0,9.0,12001.0,20.0,,,12020.0,20.0,,,,,12012.0,0.0
0,10900,INTARIAN_PEPPER_ROOT,12004.0,10.0,,,,,12017.0,10.0,12020.0,23.0,,,12010.5,0.0
0,11000,INTARIAN_PEPPER_ROOT,12004.0,8.0,,,,,12018.0,8.0,12021.0,25.0,,,12011.0,0.0
0,11100,INTARIAN_PEPPER_ROOT,12005.0,11.0,12002.0,22.0,,,12018.0,11.0,12021.0,22.0,,,12011.5,0.0
0,11200,INTARIAN_PEPPER_ROOT,12005.0,11.0,12002.0,16.0,,,12018.0,11.0,,,,,12011.5,0.0
0,11300,INTARIAN_PEPPER_ROOT,12005.0,9.0,12002.0,24.0,,,12018.0,9.0,12021.0,24.0,,,12011.5,0.0
0,11400,INTARIAN_PEPPER_ROOT,12005.0,10.0,12002.0,25.0,,,12018.0,10.0,12021.0,25.0,,,12011.5,0.0
0,11500,INTARIAN_PEPPER_ROOT,12005.0,12.0,12002.0,22.0,,,12013.0,9.0,12018.0,12.0,,,12009.0,0.0
0,11600,INTARIAN_PEPPER_ROOT,12005.0,11.0,12002.0,16.0,,,12018.0,11.0,12021.0,16.0,,,12011.5,0.0
0,11700,INTARIAN_PEPPER_ROOT,12005.0,9.0,12002.0,18.0,,,,,,,,,12005.0,0.0
0,11800,INTARIAN_PEPPER_ROOT,12002.0,25.0,,,,,12021.0,25.0,,,,,12011.5,0.0
0,11900,INTARIAN_PEPPER_ROOT,12015.0,4.0,12005.0,11.0,12002.0,16.0,12018.0,11.0,12021.0,16.0,,,12016.5,0.0
0,12000,INTARIAN_PEPPER_ROOT,12005.0,12.0,12002.0,18.0,,,12019.0,12.0,12022.0,18.0,,,12012.0,0.0
0,12100,INTARIAN_PEPPER_ROOT,12006.0,9.0,12003.0,25.0,,,12019.0,9.0,12022.0,25.0,,,12012.5,0.0
0,12200,INTARIAN_PEPPER_ROOT,12006.0,12.0,12003.0,19.0,,,12019.0,12.0,12022.0,19.0,,,12012.5,0.0
0,12300,INTARIAN_PEPPER_ROOT,12003.0,17.0,,,,,12019.0,12.0,12022.0,17.0,,,12011.0,0.0
0,12400,INTARIAN_PEPPER_ROOT,12003.0,23.0,,,,,12022.0,23.0,,,,,12012.5,0.0
0,12500,INTARIAN_PEPPER_ROOT,12006.0,9.0,,,,,12019.0,9.0,12022.0,25.0,,,12012.5,0.0
0,12600,INTARIAN_PEPPER_ROOT,12006.0,10.0,12003.0,25.0,,,12019.0,10.0,,,,,12012.5,0.0
0,12700,INTARIAN_PEPPER_ROOT,12006.0,8.0,12003.0,24.0,,,12022.0,24.0,,,,,12014.0,0.0
0,12800,INTARIAN_PEPPER_ROOT,12006.0,10.0,,,,,12019.0,10.0,,,,,12012.5,0.0
0,12900,INTARIAN_PEPPER_ROOT,12006.0,9.0,12003.0,25.0,,,12019.0,9.0,12022.0,25.0,,,12012.5,0.0
0,13000,INTARIAN_PEPPER_ROOT,12006.0,9.0,12003.0,21.0,,,12020.0,9.0,,,,,12013.0,0.0
0,13100,INTARIAN_PEPPER_ROOT,12007.0,9.0,12004.0,20.0,,,12020.0,9.0,12023.0,20.0,,,12013.5,0.0
0,13200,INTARIAN_PEPPER_ROOT,12004.0,24.0,,,,,12020.0,8.0,12023.0,24.0,,,12012.0,0.0
0,13300,INTARIAN_PEPPER_ROOT,12004.0,15.0,,,,,12020.0,8.0,12023.0,15.0,,,12012.0,0.0
0,13400,INTARIAN_PEPPER_ROOT,12007.0,9.0,12004.0,15.0,,,12020.0,9.0,12023.0,15.0,,,12013.5,0.0
0,13500,INTARIAN_PEPPER_ROOT,12007.0,8.0,12004.0,16.0,,,12020.0,8.0,,,,,12013.5,0.0
0,13600,INTARIAN_PEPPER_ROOT,12007.0,12.0,12004.0,23.0,,,12020.0,12.0,12023.0,23.0,,,12013.5,0.0
0,13700,INTARIAN_PEPPER_ROOT,12007.0,9.0,12004.0,23.0,,,12020.0,9.0,12023.0,23.0,,,12013.5,0.0
0,13800,INTARIAN_PEPPER_ROOT,12007.0,9.0,,,,,12020.0,9.0,12023.0,15.0,,,12013.5,0.0
0,13900,INTARIAN_PEPPER_ROOT,12007.0,11.0,12004.0,15.0,,,12020.0,11.0,12023.0,15.0,,,12013.5,0.0
0,14000,INTARIAN_PEPPER_ROOT,12017.0,7.0,12007.0,12.0,12004.0,20.0,12021.0,12.0,,,,,12019.0,0.0
0,14100,INTARIAN_PEPPER_ROOT,12008.0,9.0,12005.0,16.0,,,,,,,,,12008.0,0.0
0,14200,INTARIAN_PEPPER_ROOT,12008.0,9.0,12005.0,23.0,,,12021.0,9.0,12024.0,23.0,,,12014.5,0.0
0,14300,INTARIAN_PEPPER_ROOT,12005.0,24.0,,,,,12021.0,8.0,12024.0,24.0,,,12013.0,0.0
0,14400,INTARIAN_PEPPER_ROOT,12008.0,12.0,12005.0,20.0,,,12021.0,12.0,,,,,12014.5,0.0
0,14500,INTARIAN_PEPPER_ROOT,12008.0,8.0,,,,,12021.0,8.0,,,,,12014.5,0.0
0,14600,INTARIAN_PEPPER_ROOT,,,,,,,12021.0,11.0,12024.0,16.0,,,12021.0,0.0
0,14700,INTARIAN_PEPPER_ROOT,12008.0,9.0,12005.0,21.0,,,12024.0,21.0,,,,,12016.0,0.0
0,14800,INTARIAN_PEPPER_ROOT,12008.0,8.0,12005.0,15.0,,,,,,,,,12008.0,0.0
0,14900,INTARIAN_PEPPER_ROOT,12008.0,9.0,12005.0,19.0,,,12021.0,9.0,12024.0,19.0,,,12014.5,0.0
0,15000,INTARIAN_PEPPER_ROOT,12005.0,18.0,,,,,12022.0,11.0,,,,,12013.5,0.0
0,15100,INTARIAN_PEPPER_ROOT,12009.0,10.0,,,,,12017.0,7.0,12022.0,10.0,12025.0,18.0,12013.0,0.0
0,15200,INTARIAN_PEPPER_ROOT,12009.0,11.0,12006.0,15.0,,,12025.0,15.0,,,,,12017.0,0.0
0,15300,INTARIAN_PEPPER_ROOT,12009.0,8.0,12006.0,19.0,,,12025.0,19.0,,,,,12017.0,0.0
0,15400,INTARIAN_PEPPER_ROOT,12009.0,12.0,12006.0,24.0,,,12022.0,12.0,,,,,12015.5,0.0
0,15500,INTARIAN_PEPPER_ROOT,12009.0,8.0,12006.0,20.0,,,12025.0,20.0,,,,,12017.0,0.0
0,15600,INTARIAN_PEPPER_ROOT,12009.0,11.0,12006.0,21.0,,,12022.0,11.0,12025.0,21.0,,,12015.5,0.0
0,15700,INTARIAN_PEPPER_ROOT,12009.0,10.0,,,,,12022.0,10.0,12025.0,21.0,,,12015.5,0.0
0,15800,INTARIAN_PEPPER_ROOT,12009.0,8.0,12006.0,20.0,,,12022.0,8.0,12025.0,20.0,,,12015.5,0.0
0,15900,INTARIAN_PEPPER_ROOT,12009.0,11.0,12006.0,21.0,,,12022.0,11.0,12025.0,21.0,,,12015.5,0.0
0,16000,INTARIAN_PEPPER_ROOT,12009.0,9.0,12006.0,25.0,,,12023.0,9.0,,,,,12016.0,0.0
0,16100,INTARIAN_PEPPER_ROOT,12010.0,10.0,12007.0,22.0,,,12026.0,22.0,,,,,12018.0,0.0
0,16200,INTARIAN_PEPPER_ROOT,12010.0,10.0,,,,,12023.0,10.0,12026.0,21.0,,,12016.5,0.0
0,16300,INTARIAN_PEPPER_ROOT,12010.0,10.0,12007.0,16.0,,,12023.0,10.0,,,,,12016.5,0.0
0,16400,INTARIAN_PEPPER_ROOT,12010.0,12.0,12007.0,15.0,,,12023.0,12.0,12026.0,15.0,,,12016.5,0.0
0,16500,INTARIAN_PEPPER_ROOT,12007.0,18.0,,,,,12023.0,10.0,12026.0,18.0,,,12015.0,0.0
0,16600,INTARIAN_PEPPER_ROOT,12010.0,11.0,12007.0,25.0,,,12023.0,11.0,12026.0,25.0,,,12016.5,0.0
0,16700,INTARIAN_PEPPER_ROOT,,,,,,,,,,,,,0.0,0.0
0,16800,INTARIAN_PEPPER_ROOT,12010.0,10.0,12007.0,25.0,,,12026.0,25.0,,,,,12018.0,0.0
0,16900,INTARIAN_PEPPER_ROOT,12010.0,12.0,12007.0,20.0,,,12023.0,12.0,12026.0,20.0,,,12016.5,0.0
0,17000,INTARIAN_PEPPER_ROOT,12010.0,10.0,12007.0,19.0,,,12024.0,10.0,,,,,12017.0,0.0
0,17100,INTARIAN_PEPPER_ROOT,12011.0,11.0,12008.0,24.0,,,,,,,,,12011.0,0.0
0,17200,INTARIAN_PEPPER_ROOT,12011.0,8.0,12008.0,25.0,,,12024.0,8.0,12027.0,25.0,,,12017.5,0.0
0,17300,INTARIAN_PEPPER_ROOT,12008.0,20.0,,,,,12024.0,12.0,12027.0,20.0,,,12016.0,0.0
0,17400,INTARIAN_PEPPER_ROOT,12008.0,20.0,,,,,12024.0,11.0,12027.0,20.0,,,12016.0,0.0
0,17500,INTARIAN_PEPPER_ROOT,12008.0,18.0,,,,,12024.0,9.0,12027.0,18.0,,,12016.0,0.0
0,17600,INTARIAN_PEPPER_ROOT,12011.0,11.0,12008.0,24.0,,,12024.0,11.0,12027.0,24.0,,,12017.5,0.0
0,17700,INTARIAN_PEPPER_ROOT,12011.0,12.0,12008.0,20.0,,,,,,,,,12011.0,0.0
0,17800,INTARIAN_PEPPER_ROOT,12011.0,11.0,,,,,12024.0,11.0,12027.0,18.0,,,12017.5,0.0
0,17900,INTARIAN_PEPPER_ROOT,12011.0,11.0,12008.0,22.0,,,12024.0,11.0,12027.0,22.0,,,12017.5,0.0
0,18000,INTARIAN_PEPPER_ROOT,12011.0,9.0,12008.0,22.0,,,12025.0,9.0,12028.0,22.0,,,12018.0,0.0
0,18100,INTARIAN_PEPPER_ROOT,12012.0,10.0,12009.0,18.0,,,12025.0,10.0,12028.0,18.0,,,12018.5,0.0
0,18200,INTARIAN_PEPPER_ROOT,12012.0,8.0,,,,,12028.0,18.0,,,,,12020.0,0.0
0,18300,INTARIAN_PEPPER_ROOT,12012.0,12.0,12009.0,18.0,,,12025.0,12.0,12028.0,18.0,,,12018.5,0.0
0,18400,INTARIAN_PEPPER_ROOT,12012.0,10.0,12009.0,16.0,,,12025.0,10.0,12028.0,16.0,,,12018.5,0.0
0,18500,INTARIAN_PEPPER_ROOT,12012.0,9.0,12009.0,17.0,,,12025.0,9.0,12028.0,17.0,,,12018.5,0.0
0,18600,INTARIAN_PEPPER_ROOT,12012.0,10.0,12009.0,24.0,,,12025.0,10.0,12028.0,24.0,,,12018.5,0.0
0,18700,INTARIAN_PEPPER_ROOT,12012.0,12.0,12009.0,24.0,,,12025.0,12.0,12028.0,24.0,,,12018.5,0.0
0,18800,INTARIAN_PEPPER_ROOT,12012.0,10.0,12009.0,23.0,,,12025.0,10.0,,,,,12018.5,0.0
0,18900,INTARIAN_PEPPER_ROOT,12009.0,21.0,,,,,12025.0,9.0,,,,,12017.0,0.0
0,19000,INTARIAN_PEPPER_ROOT,12012.0,10.0,12009.0,16.0,,,12026.0,10.0,12029.0,16.0,,,12019.0,0.0
0,19100,INTARIAN_PEPPER_ROOT,12013.0,8.0,,,,,12029.0,15.0,,,,,12021.0,0.0
0,19200,INTARIAN_PEPPER_ROOT,12013.0,12.0,12010.0,22.0,,,12026.0,12.0,12029.0,22.0,,,12019.5,0.0
0,19300,INTARIAN_PEPPER_ROOT,12013.0,11.0,12010.0,22.0,,,12026.0,11.0,12029.0,22.0,,,12019.5,0.0
0,19400,INTARIAN_PEPPER_ROOT,12013.0,8.0,,,,,12029.0,21.0,,,,,12021.0,0.0
0,19500,INTARIAN_PEPPER_ROOT,12013.0,9.0,,,,,12029.0,19.0,,,,,12021.0,0.0
0,19600,INTARIAN_PEPPER_ROOT,12013.0,9.0,12010.0,24.0,,,12026.0,9.0,12029.0,24.0,,,12019.5,0.0
0,19700,INTARIAN_PEPPER_ROOT,12013.0,12.0,,,,,12026.0,12.0,12029.0,23.0,,,12019.5,0.0
0,19800,INTARIAN_PEPPER_ROOT,12013.0,8.0,12010.0,21.0,,,12026.0,8.0,,,,,12019.5,0.0
0,19900,INTARIAN_PEPPER_ROOT,12013.0,12.0,12010.0,24.0,,,12016.0,7.0,12026.0,12.0,12029.0,24.0,12014.5,0.0
0,20000,INTARIAN_PEPPER_ROOT,,,,,,,12030.0,22.0,,,,,12030.0,0.0
0,20100,INTARIAN_PEPPER_ROOT,12014.0,11.0,12011.0,17.0,,,12027.0,11.0,,,,,12020.5,0.0
0,20200,INTARIAN_PEPPER_ROOT,12014.0,10.0,12011.0,24.0,,,12027.0,10.0,12030.0,24.0,,,12020.5,0.0
0,20300,INTARIAN_PEPPER_ROOT,12011.0,23.0,,,,,12027.0,8.0,12030.0,23.0,,,12019.0,0.0
0,20400,INTARIAN_PEPPER_ROOT,12014.0,11.0,,,,,12027.0,11.0,12030.0,17.0,,,12020.5,0.0
0,20500,INTARIAN_PEPPER_ROOT,12011.0,16.0,,,,,12027.0,12.0,12030.0,16.0,,,12019.0,0.0
0,20600,INTARIAN_PEPPER_ROOT,12011.0,17.0,,,,,12027.0,10.0,,,,,12019.0,0.0
0,20700,INTARIAN_PEPPER_ROOT,12024.0,5.0,12014.0,11.0,,,12027.0,11.0,12030.0,20.0,,,12025.5,0.0
0,20800,INTARIAN_PEPPER_ROOT,12014.0,9.0,,,,,12027.0,9.0,12030.0,24.0,,,12020.5,0.0
0,20900,INTARIAN_PEPPER_ROOT,12014.0,9.0,12011.0,25.0,,,12027.0,9.0,12030.0,25.0,,,12020.5,0.0
0,21000,INTARIAN_PEPPER_ROOT,12014.0,12.0,12011.0,18.0,,,12028.0,12.0,12031.0,18.0,,,12021.0,0.0
0,21100,INTARIAN_PEPPER_ROOT,12015.0,12.0,12012.0,22.0,,,12028.0,12.0,12031.0,22.0,,,12021.5,0.0
0,21200,INTARIAN_PEPPER_ROOT,12012.0,15.0,,,,,12028.0,8.0,12031.0,15.0,,,12020.0,0.0
0,21300,INTARIAN_PEPPER_ROOT,12015.0,9.0,,,,,12028.0,9.0,12031.0,15.0,,,12021.5,0.0
0,21400,INTARIAN_PEPPER_ROOT,12012.0,22.0,,,,,12031.0,22.0,,,,,12021.5,0.0
0,21500,INTARIAN_PEPPER_ROOT,12015.0,9.0,,,,,12028.0,9.0,,,,,12021.5,0.0
0,21600,INTARIAN_PEPPER_ROOT,12012.0,16.0,,,,,12028.0,8.0,12031.0,16.0,,,12020.0,0.0
0,21700,INTARIAN_PEPPER_ROOT,,,,,,,12028.0,8.0,12031.0,15.0,,,12028.0,0.0
0,21800,INTARIAN_PEPPER_ROOT,12015.0,11.0,12012.0,21.0,,,12028.0,11.0,,,,,12021.5,0.0
0,21900,INTARIAN_PEPPER_ROOT,12015.0,11.0,,,,,12028.0,11.0,12031.0,19.0,,,12021.5,0.0
0,22000,INTARIAN_PEPPER_ROOT,12015.0,10.0,12012.0,18.0,,,12029.0,10.0,12032.0,18.0,,,12022.0,0.0
0,22100,INTARIAN_PEPPER_ROOT,12016.0,11.0,12013.0,22.0,,,12029.0,11.0,12032.0,22.0,,,12022.5,0.0
0,22200,INTARIAN_PEPPER_ROOT,12016.0,8.0,12013.0,22.0,,,12029.0,8.0,12032.0,22.0,,,12022.5,0.0
0,22300,INTARIAN_PEPPER_ROOT,12016.0,10.0,12013.0,23.0,,,12032.0,23.0,,,,,12024.0,0.0
0,22400,INTARIAN_PEPPER_ROOT,12016.0,10.0,,,,,12032.0,17.0,,,,,12024.0,0.0
0,22500,INTARIAN_PEPPER_ROOT,12016.0,12.0,12013.0,16.0,,,12018.0,4.0,12029.0,12.0,,,12017.0,0.0
0,22600,INTARIAN_PEPPER_ROOT,12016.0,11.0,12013.0,24.0,,,12029.0,11.0,,,,,12022.5,0.0
0,22700,INTARIAN_PEPPER_ROOT,12016.0,8.0,,,,,12029.0,8.0,12032.0,18.0,,,12022.5,0.0
0,22800,INTARIAN_PEPPER_ROOT,12013.0,21.0,,,,,12029.0,10.0,12032.0,21.0,,,12021.0,0.0
0,22900,INTARIAN_PEPPER_ROOT,12016.0,12.0,12013.0,22.0,,,12029.0,12.0,,,,,12022.5,0.0
0,23000,INTARIAN_PEPPER_ROOT,12016.0,12.0,,,,,12030.0,12.0,12033.0,20.0,,,12023.0,0.0
0,23100,INTARIAN_PEPPER_ROOT,12014.0,20.0,,,,,12033.0,20.0,,,,,12023.5,0.0
0,23200,INTARIAN_PEPPER_ROOT,12017.0,9.0,12014.0,15.0,,,12019.0,4.0,12030.0,9.0,12033.0,15.0,12018.0,0.0
0,23300,INTARIAN_PEPPER_ROOT,12017.0,8.0,12014.0,21.0,,,,,,,,,12017.0,0.0
0,23400,INTARIAN_PEPPER_ROOT,12017.0,9.0,12014.0,23.0,,,12030.0,9.0,12033.0,23.0,,,12023.5,0.0
0,23500,INTARIAN_PEPPER_ROOT,12017.0,10.0,,,,,12030.0,10.0,12033.0,17.0,,,12023.5,0.0
0,23600,INTARIAN_PEPPER_ROOT,12017.0,8.0,12014.0,20.0,,,,,,,,,12017.0,0.0
0,23700,INTARIAN_PEPPER_ROOT,12017.0,10.0,12014.0,20.0,,,12030.0,10.0,12033.0,20.0,,,12023.5,0.0
0,23800,INTARIAN_PEPPER_ROOT,12017.0,11.0,12014.0,24.0,,,12030.0,11.0,12033.0,24.0,,,12023.5,0.0
0,23900,INTARIAN_PEPPER_ROOT,12017.0,10.0,12014.0,20.0,,,12030.0,10.0,12033.0,20.0,,,12023.5,0.0
0,24000,INTARIAN_PEPPER_ROOT,12017.0,9.0,12014.0,20.0,,,12031.0,9.0,12034.0,20.0,,,12024.0,0.0
0,24100,INTARIAN_PEPPER_ROOT,12015.0,24.0,,,,,12031.0,11.0,12034.0,24.0,,,12023.0,0.0
0,24200,INTARIAN_PEPPER_ROOT,12018.0,10.0,12015.0,16.0,,,12031.0,10.0,12034.0,16.0,,,12024.5,0.0
0,24300,INTARIAN_PEPPER_ROOT,12018.0,8.0,12015.0,25.0,,,12031.0,8.0,12034.0,25.0,,,12024.5,0.0
0,24400,INTARIAN_PEPPER_ROOT,12018.0,8.0,12015.0,25.0,,,12031.0,8.0,12034.0,25.0,,,12024.5,0.0
0,24500,INTARIAN_PEPPER_ROOT,12018.0,11.0,12015.0,16.0,,,12031.0,11.0,12034.0,16.0,,,12024.5,0.0
0,24600,INTARIAN_PEPPER_ROOT,12018.0,10.0,12015.0,19.0,,,,,,,,,12018.0,0.0
0,24700,INTARIAN_PEPPER_ROOT,12018.0,9.0,12015.0,25.0,,,12031.0,9.0,,,,,12024.5,0.0
0,24800,INTARIAN_PEPPER_ROOT,12015.0,25.0,,,,,12031.0,12.0,12034.0,25.0,,,12023.0,0.0
0,24900,INTARIAN_PEPPER_ROOT,12015.0,25.0,,,,,,,,,,,12015.0,0.0
0,25000,INTARIAN_PEPPER_ROOT,12018.0,12.0,12015.0,22.0,,,12032.0,12.0,12035.0,22.0,,,12025.0,0.0
0,25100,INTARIAN_PEPPER_ROOT,12019.0,10.0,12016.0,19.0,,,,,,,,,12019.0,0.0
0,25200,INTARIAN_PEPPER_ROOT,12019.0,8.0,12016.0,17.0,,,12032.0,8.0,12035.0,17.0,,,12025.5,0.0
0,25300,INTARIAN_PEPPER_ROOT,12016.0,24.0,,,,,12032.0,12.0,,,,,12024.0,0.0
0,25400,INTARIAN_PEPPER_ROOT,12019.0,11.0,12016.0,17.0,,,12032.0,11.0,12035.0,17.0,,,12025.5,0.0
0,25500,INTARIAN_PEPPER_ROOT,12019.0,11.0,12016.0,19.0,,,12032.0,11.0,12035.0,19.0,,,12025.5,0.0
0,25600,INTARIAN_PEPPER_ROOT,12019.0,12.0,12016.0,22.0,,,12032.0,12.0,12035.0,22.0,,,12025.5,0.0
0,25700,INTARIAN_PEPPER_ROOT,12019.0,9.0,12016.0,17.0,,,12032.0,9.0,12035.0,17.0,,,12025.5,0.0
0,25800,INTARIAN_PEPPER_ROOT,12019.0,11.0,12016.0,25.0,,,12032.0,11.0,12035.0,25.0,,,12025.5,0.0
0,25900,INTARIAN_PEPPER_ROOT,12019.0,12.0,12016.0,22.0,,,12032.0,12.0,12035.0,22.0,,,12025.5,0.0
0,26000,INTARIAN_PEPPER_ROOT,12019.0,8.0,,,,,12033.0,8.0,12036.0,25.0,,,12026.0,0.0
0,26100,INTARIAN_PEPPER_ROOT,12020.0,9.0,12017.0,16.0,,,12033.0,9.0,12036.0,16.0,,,12026.5,0.0
0,26200,INTARIAN_PEPPER_ROOT,12017.0,24.0,,,,,12033.0,9.0,12036.0,24.0,,,12025.0,0.0
0,26300,INTARIAN_PEPPER_ROOT,12020.0,9.0,12017.0,23.0,,,12033.0,9.0,12036.0,23.0,,,12026.5,0.0
0,26400,INTARIAN_PEPPER_ROOT,12020.0,11.0,12017.0,21.0,,,12033.0,11.0,12036.0,21.0,,,12026.5,0.0
0,26500,INTARIAN_PEPPER_ROOT,12017.0,23.0,,,,,12033.0,11.0,12036.0,23.0,,,12025.0,0.0
0,26600,INTARIAN_PEPPER_ROOT,12020.0,12.0,12017.0,16.0,,,12033.0,12.0,,,,,12026.5,0.0
0,26700,INTARIAN_PEPPER_ROOT,12020.0,10.0,12017.0,20.0,,,12033.0,10.0,12036.0,20.0,,,12026.5,0.0
0,26800,INTARIAN_PEPPER_ROOT,12020.0,11.0,12017.0,25.0,,,12036.0,25.0,,,,,12028.0,0.0
0,26900,INTARIAN_PEPPER_ROOT,12020.0,8.0,,,,,12033.0,8.0,12036.0,15.0,,,12026.5,0.0
0,27000,INTARIAN_PEPPER_ROOT,12020.0,9.0,12017.0,17.0,,,12037.0,17.0,,,,,12028.5,0.0
0,27100,INTARIAN_PEPPER_ROOT,12021.0,9.0,,,,,,,,,,,12021.0,0.0
0,27200,INTARIAN_PEPPER_ROOT,12021.0,8.0,12018.0,23.0,,,,,,,,,12021.0,0.0
0,27300,INTARIAN_PEPPER_ROOT,12021.0,9.0,12018.0,21.0,,,12023.0,3.0,12037.0,21.0,,,12022.0,0.0
0,27400,INTARIAN_PEPPER_ROOT,12021.0,9.0,12018.0,16.0,,,12034.0,9.0,,,,,12027.5,0.0
0,27500,INTARIAN_PEPPER_ROOT,12021.0,8.0,,,,,12034.0,8.0,12037.0,15.0,,,12027.5,0.0
0,27600,INTARIAN_PEPPER_ROOT,12021.0,9.0,12018.0,21.0,,,12034.0,9.0,12037.0,21.0,,,12027.5,0.0
0,27700,INTARIAN_PEPPER_ROOT,12021.0,11.0,12018.0,19.0,,,12030.0,12.0,12037.0,19.0,,,12025.5,0.0
0,27800,INTARIAN_PEPPER_ROOT,12021.0,9.0,12018.0,22.0,,,12034.0,9.0,12037.0,22.0,,,12027.5,0.0
0,27900,INTARIAN_PEPPER_ROOT,12021.0,10.0,12018.0,15.0,,,12034.0,10.0,12037.0,15.0,,,12027.5,0.0
0,28000,INTARIAN_PEPPER_ROOT,12018.0,18.0,,,,,,,,,,,12018.0,0.0
0,28100,INTARIAN_PEPPER_ROOT,12022.0,9.0,,,,,12038.0,22.0,,,,,12030.0,0.0
0,28200,INTARIAN_PEPPER_ROOT,12022.0,9.0,12019.0,15.0,,,12035.0,9.0,12038.0,15.0,,,12028.5,0.0
0,28300,INTARIAN_PEPPER_ROOT,12022.0,10.0,12019.0,18.0,,,12035.0,10.0,,,,,12028.5,0.0
0,28400,INTARIAN_PEPPER_ROOT,12022.0,10.0,12019.0,18.0,,,12024.0,8.0,12035.0,10.0,12038.0,18.0,12023.0,0.0
0,28500,INTARIAN_PEPPER_ROOT,12019.0,16.0,,,,,12035.0,9.0,12038.0,16.0,,,12027.0,0.0
0,28600,INTARIAN_PEPPER_ROOT,12019.0,23.0,,,,,12035.0,11.0,12038.0,23.0,,,12027.0,0.0
0,28700,INTARIAN_PEPPER_ROOT,12022.0,10.0,12019.0,25.0,,,12035.0,10.0,,,,,12028.5,0.0
0,28800,INTARIAN_PEPPER_ROOT,12022.0,10.0,12019.0,23.0,,,12035.0,10.0,,,,,12028.5,0.0
0,28900,INTARIAN_PEPPER_ROOT,12019.0,22.0,,,,,12035.0,8.0,12038.0,22.0,,,12027.0,0.0
0,29000,INTARIAN_PEPPER_ROOT,12022.0,9.0,12019.0,18.0,,,12036.0,9.0,12039.0,18.0,,,12029.0,0.0
0,29100,INTARIAN_PEPPER_ROOT,12023.0,8.0,,,,,12036.0,8.0,12039.0,17.0,,,12029.5,0.0
0,29200,INTARIAN_PEPPER_ROOT,12023.0,11.0,12020.0,23.0,,,12036.0,11.0,,,,,12029.5,0.0
0,29300,INTARIAN_PEPPER_ROOT,12020.0,18.0,,,,,12039.0,18.0,,,,,12029.5,0.0
0,29400,INTARIAN_PEPPER_ROOT,12020.0,23.0,,,,,12039.0,23.0,,,,,12029.5,0.0
0,29500,INTARIAN_PEPPER_ROOT,12020.0,21.0,,,,,12036.0,11.0,12039.0,21.0,,,12028.0,0.0
0,29600,INTARIAN_PEPPER_ROOT,12023.0,10.0,12020.0,20.0,,,12039.0,20.0,,,,,12031.0,0.0
0,29700,INTARIAN_PEPPER_ROOT,12023.0,12.0,12020.0,22.0,,,12036.0,12.0,12039.0,22.0,,,12029.5,0.0
0,29800,INTARIAN_PEPPER_ROOT,12033.0,4.0,12020.0,16.0,,,12036.0,8.0,12039.0,16.0,,,12034.5,0.0
0,29900,INTARIAN_PEPPER_ROOT,12023.0,8.0,,,,,12036.0,8.0,12039.0,22.0,,,12029.5,0.0
0,30000,INTARIAN_PEPPER_ROOT,12023.0,8.0,,,,,12037.0,8.0,12040.0,19.0,,,12030.0,0.0
0,30100,INTARIAN_PEPPER_ROOT,12024.0,8.0,,,,,12037.0,8.0,12040.0,19.0,,,12030.5,0.0
0,30200,INTARIAN_PEPPER_ROOT,12024.0,8.0,12021.0,25.0,,,12037.0,8.0,12040.0,25.0,,,12030.5,0.0
0,30300,INTARIAN_PEPPER_ROOT,12024.0,10.0,,,,,12037.0,10.0,12040.0,15.0,,,12030.5,0.0
0,30400,INTARIAN_PEPPER_ROOT,12024.0,9.0,12021.0,23.0,,,12037.0,9.0,,,,,12030.5,0.0
0,30500,INTARIAN_PEPPER_ROOT,12024.0,9.0,12021.0,21.0,,,12037.0,9.0,12040.0,21.0,,,12030.5,0.0
0,30600,INTARIAN_PEPPER_ROOT,12024.0,9.0,12021.0,18.0,,,12037.0,9.0,,,,,12030.5,0.0
0,30700,INTARIAN_PEPPER_ROOT,12024.0,10.0,,,,,12037.0,10.0,,,,,12030.5,0.0
0,30800,INTARIAN_PEPPER_ROOT,12024.0,9.0,12021.0,22.0,,,12037.0,9.0,12040.0,22.0,,,12030.5,0.0
0,30900,INTARIAN_PEPPER_ROOT,12024.0,10.0,12021.0,17.0,,,,,,,,,12024.0,0.0
0,31000,INTARIAN_PEPPER_ROOT,12024.0,10.0,,,,,,,,,,,12024.0,0.0
0,31100,INTARIAN_PEPPER_ROOT,12025.0,9.0,,,,,12038.0,9.0,12041.0,21.0,,,12031.5,0.0
0,31200,INTARIAN_PEPPER_ROOT,12025.0,9.0,12022.0,22.0,,,12038.0,9.0,12041.0,22.0,,,12031.5,0.0
0,31300,INTARIAN_PEPPER_ROOT,12025.0,11.0,12022.0,15.0,,,12038.0,11.0,,,,,12031.5,0.0
0,31400,INTARIAN_PEPPER_ROOT,12025.0,12.0,,,,,12038.0,12.0,12041.0,16.0,,,12031.5,0.0
0,31500,INTARIAN_PEPPER_ROOT,12025.0,9.0,12022.0,22.0,,,12041.0,22.0,,,,,12033.0,0.0
0,31600,INTARIAN_PEPPER_ROOT,12025.0,11.0,12022.0,24.0,,,12038.0,11.0,12041.0,24.0,,,12031.5,0.0
0,31700,INTARIAN_PEPPER_ROOT,12025.0,8.0,12022.0,25.0,,,12038.0,8.0,12041.0,25.0,,,12031.5,0.0
0,31800,INTARIAN_PEPPER_ROOT,12025.0,10.0,12022.0,23.0,,,12038.0,10.0,12041.0,23.0,,,12031.5,0.0
0,31900,INTARIAN_PEPPER_ROOT,12025.0,10.0,12022.0,22.0,,,12038.0,10.0,12041.0,22.0,,,12031.5,0.0
0,32000,INTARIAN_PEPPER_ROOT,12022.0,24.0,,,,,12039.0,8.0,12042.0,24.0,,,12030.5,0.0
0,32100,INTARIAN_PEPPER_ROOT,12026.0,9.0,12023.0,24.0,,,12039.0,9.0,12042.0,24.0,,,12032.5,0.0
0,32200,INTARIAN_PEPPER_ROOT,12026.0,11.0,,,,,12039.0,11.0,12042.0,15.0,,,12032.5,0.0
0,32300,INTARIAN_PEPPER_ROOT,12023.0,22.0,,,,,12039.0,12.0,12042.0,22.0,,,12031.0,0.0
0,32400,INTARIAN_PEPPER_ROOT,12026.0,11.0,12023.0,23.0,,,12039.0,11.0,12042.0,23.0,,,12032.5,0.0
0,32500,INTARIAN_PEPPER_ROOT,12026.0,9.0,12023.0,16.0,,,12039.0,9.0,12042.0,16.0,,,12032.5,0.0
0,32600,INTARIAN_PEPPER_ROOT,12023.0,22.0,,,,,12039.0,12.0,,,,,12031.0,0.0
0,32700,INTARIAN_PEPPER_ROOT,12026.0,10.0,12023.0,17.0,,,12039.0,10.0,12042.0,17.0,,,12032.5,0.0
0,32800,INTARIAN_PEPPER_ROOT,12026.0,9.0,,,,,12042.0,25.0,,,,,12034.0,0.0
0,32900,INTARIAN_PEPPER_ROOT,12026.0,9.0,,,,,12039.0,9.0,12042.0,23.0,,,12032.5,0.0
0,33000,INTARIAN_PEPPER_ROOT,12023.0,22.0,,,,,12043.0,22.0,,,,,12033.0,0.0
0,33100,INTARIAN_PEPPER_ROOT,12027.0,8.0,12024.0,15.0,,,12040.0,8.0,12043.0,15.0,,,12033.5,0.0
0,33200,INTARIAN_PEPPER_ROOT,12024.0,25.0,,,,,12040.0,8.0,12043.0,25.0,,,12032.0,0.0
0,33300,INTARIAN_PEPPER_ROOT,12036.0,6.0,12027.0,10.0,12024.0,20.0,12040.0,10.0,12043.0,20.0,,,12038.0,0.0
0,33400,INTARIAN_PEPPER_ROOT,12024.0,24.0,,,,,12040.0,10.0,,,,,12032.0,0.0
0,33500,INTARIAN_PEPPER_ROOT,12027.0,8.0,12024.0,19.0,,,12040.0,8.0,12043.0,19.0,,,12033.5,0.0
0,33600,INTARIAN_PEPPER_ROOT,12027.0,10.0,,,,,12040.0,10.0,,,,,12033.5,0.0
0,33700,INTARIAN_PEPPER_ROOT,,,,,,,,,,,,,0.0,0.0
0,33800,INTARIAN_PEPPER_ROOT,12027.0,9.0,,,,,12040.0,9.0,12043.0,15.0,,,12033.5,0.0
0,33900,INTARIAN_PEPPER_ROOT,12027.0,9.0,12024.0,23.0,,,12040.0,9.0,12043.0,23.0,,,12033.5,0.0
0,34000,INTARIAN_PEPPER_ROOT,12027.0,9.0,,,,,12041.0,9.0,12044.0,22.0,,,12034.0,0.0
0,34100,INTARIAN_PEPPER_ROOT,12028.0,12.0,12025.0,22.0,,,12041.0,12.0,12044.0,22.0,,,12034.5,0.0
0,34200,INTARIAN_PEPPER_ROOT,,,,,,,12041.0,11.0,12044.0,21.0,,,12041.0,0.0
0,34300,INTARIAN_PEPPER_ROOT,,,,,,,12041.0,10.0,12044.0,17.0,,,12041.0,0.0
0,34400,INTARIAN_PEPPER_ROOT,12028.0,11.0,12025.0,21.0,,,12041.0,11.0,12044.0,21.0,,,12034.5,0.0
0,34500,INTARIAN_PEPPER_ROOT,,,,,,,12041.0,11.0,12044.0,17.0,,,12041.0,0.0
0,34600,INTARIAN_PEPPER_ROOT,12028.0,12.0,12025.0,15.0,,,12041.0,12.0,12044.0,15.0,,,12034.5,0.0
0,34700,INTARIAN_PEPPER_ROOT,12028.0,8.0,12025.0,16.0,,,12044.0,16.0,,,,,12036.0,0.0
0,34800,INTARIAN_PEPPER_ROOT,12028.0,11.0,12025.0,19.0,,,12044.0,19.0,,,,,12036.0,0.0
0,34900,INTARIAN_PEPPER_ROOT,12028.0,8.0,12025.0,24.0,,,12041.0,8.0,12044.0,24.0,,,12034.5,0.0
0,35000,INTARIAN_PEPPER_ROOT,12028.0,9.0,12025.0,22.0,,,12042.0,9.0,12045.0,22.0,,,12035.0,0.0
0,35100,INTARIAN_PEPPER_ROOT,12026.0,22.0,,,,,12042.0,11.0,12045.0,22.0,,,12034.0,0.0
0,35200,INTARIAN_PEPPER_ROOT,12026.0,17.0,,,,,12045.0,17.0,,,,,12035.5,0.0
0,35300,INTARIAN_PEPPER_ROOT,12029.0,11.0,12026.0,20.0,,,12042.0,11.0,,,,,12035.5,0.0
0,35400,INTARIAN_PEPPER_ROOT,12026.0,19.0,,,,,12042.0,11.0,,,,,12034.0,0.0
0,35500,INTARIAN_PEPPER_ROOT,,,,,,,12042.0,8.0,,,,,12042.0,0.0
0,35600,INTARIAN_PEPPER_ROOT,12029.0,11.0,12026.0,19.0,,,12042.0,11.0,12045.0,19.0,,,12035.5,0.0
0,35700,INTARIAN_PEPPER_ROOT,12026.0,18.0,,,,,12045.0,18.0,,,,,12035.5,0.0
0,35800,INTARIAN_PEPPER_ROOT,12029.0,9.0,12026.0,17.0,,,12042.0,9.0,12045.0,17.0,,,12035.5,0.0
0,35900,INTARIAN_PEPPER_ROOT,12026.0,24.0,,,,,12042.0,10.0,12045.0,24.0,,,12034.0,0.0
0,36000,INTARIAN_PEPPER_ROOT,12029.0,8.0,12026.0,15.0,,,12046.0,15.0,,,,,12037.5,0.0
0,36100,INTARIAN_PEPPER_ROOT,12030.0,9.0,12027.0,23.0,,,12043.0,9.0,12046.0,23.0,,,12036.5,0.0
0,36200,INTARIAN_PEPPER_ROOT,12030.0,8.0,12027.0,16.0,,,12043.0,8.0,,,,,12036.5,0.0
0,36300,INTARIAN_PEPPER_ROOT,12030.0,9.0,12027.0,20.0,,,12043.0,9.0,12046.0,20.0,,,12036.5,0.0
0,36400,INTARIAN_PEPPER_ROOT,12030.0,8.0,,,,,12043.0,8.0,12046.0,18.0,,,12036.5,0.0
0,36500,INTARIAN_PEPPER_ROOT,12030.0,9.0,,,,,12032.0,7.0,12046.0,17.0,,,12031.0,0.0
0,36600,INTARIAN_PEPPER_ROOT,12030.0,11.0,,,,,12046.0,18.0,,,,,12038.0,0.0
0,36700,INTARIAN_PEPPER_ROOT,12030.0,12.0,12027.0,20.0,,,12043.0,12.0,12046.0,20.0,,,12036.5,0.0
0,36800,INTARIAN_PEPPER_ROOT,12027.0,22.0,,,,,12033.0,7.0,12043.0,8.0,12046.0,22.0,12030.0,0.0
0,36900,INTARIAN_PEPPER_ROOT,12030.0,8.0,,,,,12043.0,8.0,12046.0,21.0,,,12036.5,0.0
0,37000,INTARIAN_PEPPER_ROOT,12030.0,10.0,12027.0,25.0,,,12044.0,10.0,,,,,12037.0,0.0
0,37100,INTARIAN_PEPPER_ROOT,12031.0,12.0,,,,,12044.0,12.0,,,,,12037.5,0.0
0,37200,INTARIAN_PEPPER_ROOT,12031.0,9.0,12028.0,19.0,,,12044.0,9.0,12047.0,19.0,,,12037.5,0.0
0,37300,INTARIAN_PEPPER_ROOT,12031.0,8.0,12028.0,19.0,,,12033.0,5.0,12044.0,8.0,12047.0,19.0,12032.0,0.0
0,37400,INTARIAN_PEPPER_ROOT,12031.0,11.0,12028.0,18.0,,,12047.0,18.0,,,,,12039.0,0.0
0,37500,INTARIAN_PEPPER_ROOT,12031.0,8.0,,,,,12044.0,8.0,12047.0,17.0,,,12037.5,0.0
0,37600,INTARIAN_PEPPER_ROOT,12031.0,8.0,12028.0,20.0,,,12044.0,8.0,,,,,12037.5,0.0
0,37700,INTARIAN_PEPPER_ROOT,12031.0,12.0,12028.0,20.0,,,12044.0,12.0,12047.0,20.0,,,12037.5,0.0
0,37800,INTARIAN_PEPPER_ROOT,12031.0,11.0,12028.0,17.0,,,12044.0,11.0,12047.0,17.0,,,12037.5,0.0
0,37900,INTARIAN_PEPPER_ROOT,12031.0,11.0,12028.0,22.0,,,12044.0,11.0,12047.0,22.0,,,12037.5,0.0
0,38000,INTARIAN_PEPPER_ROOT,12031.0,9.0,12028.0,23.0,,,12045.0,9.0,,,,,12038.0,0.0
0,38100,INTARIAN_PEPPER_ROOT,12032.0,8.0,12029.0,21.0,,,12048.0,21.0,,,,,12040.0,0.0
0,38200,INTARIAN_PEPPER_ROOT,12032.0,11.0,12029.0,24.0,,,12034.0,5.0,12045.0,11.0,,,12033.0,0.0
0,38300,INTARIAN_PEPPER_ROOT,,,,,,,12045.0,9.0,12048.0,24.0,,,12045.0,0.0
0,38400,INTARIAN_PEPPER_ROOT,12042.0,3.0,12032.0,10.0,12029.0,15.0,12045.0,10.0,12048.0,15.0,,,12043.5,0.0
0,38500,INTARIAN_PEPPER_ROOT,,,,,,,12045.0,9.0,12048.0,24.0,,,12045.0,0.0
0,38600,INTARIAN_PEPPER_ROOT,12032.0,8.0,12029.0,22.0,,,12045.0,8.0,,,,,12038.5,0.0
0,38700,INTARIAN_PEPPER_ROOT,12032.0,10.0,12029.0,16.0,,,12045.0,10.0,12048.0,16.0,,,12038.5,0.0
0,38800,INTARIAN_PEPPER_ROOT,12029.0,15.0,,,,,12048.0,15.0,,,,,12038.5,0.0
0,38900,INTARIAN_PEPPER_ROOT,12032.0,8.0,12029.0,23.0,,,12045.0,8.0,12048.0,23.0,,,12038.5,0.0
0,39000,INTARIAN_PEPPER_ROOT,12032.0,8.0,12029.0,25.0,,,12046.0,8.0,12049.0,25.0,,,12039.0,0.0
0,39100,INTARIAN_PEPPER_ROOT,12033.0,12.0,,,,,12046.0,12.0,12049.0,22.0,,,12039.5,0.0
0,39200,INTARIAN_PEPPER_ROOT,12033.0,11.0,,,,,,,,,,,12033.0,0.0
0,39300,INTARIAN_PEPPER_ROOT,12033.0,10.0,12030.0,21.0,,,12041.0,6.0,12049.0,21.0,,,12037.0,0.0
0,39400,INTARIAN_PEPPER_ROOT,12033.0,9.0,12030.0,25.0,,,12049.0,25.0,,,,,12041.0,0.0
0,39500,INTARIAN_PEPPER_ROOT,12033.0,11.0,12030.0,22.0,,,12046.0,11.0,12049.0,22.0,,,12039.5,0.0
0,39600,INTARIAN_PEPPER_ROOT,12033.0,10.0,12030.0,17.0,,,12046.0,10.0,12049.0,17.0,,,12039.5,0.0
0,39700,INTARIAN_PEPPER_ROOT,12033.0,11.0,,,,,12046.0,11.0,,,,,12039.5,0.0
0,39800,INTARIAN_PEPPER_ROOT,12033.0,11.0,12030.0,15.0,,,12046.0,11.0,,,,,12039.5,0.0
0,39900,INTARIAN_PEPPER_ROOT,12033.0,12.0,12030.0,25.0,,,12036.0,8.0,12046.0,12.0,12049.0,25.0,12034.5,0.0
0,40000,INTARIAN_PEPPER_ROOT,12033.0,12.0,12030.0,18.0,,,12042.0,9.0,12047.0,12.0,12050.0,18.0,12037.5,0.0
0,40100,INTARIAN_PEPPER_ROOT,12031.0,16.0,,,,,12047.0,8.0,12050.0,16.0,,,12039.0,0.0
0,40200,INTARIAN_PEPPER_ROOT,12031.0,22.0,,,,,12047.0,8.0,12050.0,22.0,,,12039.0,0.0
0,40300,INTARIAN_PEPPER_ROOT,12034.0,8.0,12031.0,15.0,,,12050.0,15.0,,,,,12042.0,0.0
0,40400,INTARIAN_PEPPER_ROOT,12034.0,11.0,12031.0,18.0,,,12047.0,11.0,12050.0,18.0,,,12040.5,0.0
0,40500,INTARIAN_PEPPER_ROOT,12034.0,8.0,12031.0,22.0,,,12036.0,7.0,12047.0,8.0,,,12035.0,0.0
0,40600,INTARIAN_PEPPER_ROOT,12038.0,11.0,12034.0,12.0,12031.0,22.0,12047.0,12.0,12050.0,22.0,,,12042.5,0.0
0,40700,INTARIAN_PEPPER_ROOT,12034.0,11.0,12031.0,18.0,,,12047.0,11.0,12050.0,18.0,,,12040.5,0.0
0,40800,INTARIAN_PEPPER_ROOT,12034.0,10.0,12031.0,18.0,,,12047.0,10.0,12050.0,18.0,,,12040.5,0.0
0,40900,INTARIAN_PEPPER_ROOT,,,,,,,12050.0,17.0,,,,,12050.0,0.0
0,41000,INTARIAN_PEPPER_ROOT,12034.0,11.0,12031.0,24.0,,,12051.0,24.0,,,,,12042.5,0.0
0,41100,INTARIAN_PEPPER_ROOT,12032.0,22.0,,,,,12051.0,22.0,,,,,12041.5,0.0
0,41200,INTARIAN_PEPPER_ROOT,12032.0,24.0,,,,,12043.0,7.0,,,,,12037.5,0.0
0,41300,INTARIAN_PEPPER_ROOT,12035.0,10.0,,,,,12048.0,10.0,12051.0,22.0,,,12041.5,0.0
0,41400,INTARIAN_PEPPER_ROOT,12035.0,12.0,12032.0,19.0,,,12048.0,12.0,12051.0,19.0,,,12041.5,0.0
0,41500,INTARIAN_PEPPER_ROOT,12032.0,15.0,,,,,12051.0,15.0,,,,,12041.5,0.0
0,41600,INTARIAN_PEPPER_ROOT,12035.0,9.0,12032.0,23.0,,,12048.0,9.0,12051.0,23.0,,,12041.5,0.0
0,41700,INTARIAN_PEPPER_ROOT,12035.0,12.0,12032.0,19.0,,,12048.0,12.0,12051.0,19.0,,,12041.5,0.0
0,41800,INTARIAN_PEPPER_ROOT,12039.0,10.0,12035.0,12.0,12032.0,21.0,12048.0,12.0,12051.0,21.0,,,12043.5,0.0
0,41900,INTARIAN_PEPPER_ROOT,12032.0,21.0,,,,,,,,,,,12032.0,0.0
0,42000,INTARIAN_PEPPER_ROOT,12035.0,9.0,,,,,12049.0,9.0,12052.0,15.0,,,12042.0,0.0
0,42100,INTARIAN_PEPPER_ROOT,12036.0,12.0,,,,,12049.0,12.0,12052.0,15.0,,,12042.5,0.0
0,42200,INTARIAN_PEPPER_ROOT,12036.0,12.0,12033.0,17.0,,,12049.0,12.0,12052.0,17.0,,,12042.5,0.0
0,42300,INTARIAN_PEPPER_ROOT,12036.0,12.0,12033.0,25.0,,,12049.0,12.0,12052.0,25.0,,,12042.5,0.0
0,42400,INTARIAN_PEPPER_ROOT,12036.0,12.0,,,,,12049.0,12.0,12052.0,16.0,,,12042.5,0.0
0,42500,INTARIAN_PEPPER_ROOT,12036.0,10.0,,,,,12049.0,10.0,12052.0,15.0,,,12042.5,0.0
0,42600,INTARIAN_PEPPER_ROOT,12036.0,10.0,12033.0,22.0,,,12049.0,10.0,12052.0,22.0,,,12042.5,0.0
0,42700,INTARIAN_PEPPER_ROOT,12036.0,8.0,,,,,12049.0,8.0,12052.0,25.0,,,12042.5,0.0
0,42800,INTARIAN_PEPPER_ROOT,12036.0,12.0,12033.0,21.0,,,12052.0,21.0,,,,,12044.0,0.0
0,42900,INTARIAN_PEPPER_ROOT,12036.0,10.0,12033.0,16.0,,,12049.0,10.0,12052.0,16.0,,,12042.5,0.0
0,43000,INTARIAN_PEPPER_ROOT,12036.0,8.0,,,,,12050.0,8.0,12053.0,23.0,,,12043.0,0.0
0,43100,INTARIAN_PEPPER_ROOT,12040.0,12.0,12037.0,9.0,12034.0,19.0,12050.0,9.0,,,,,12045.0,0.0
0,43200,INTARIAN_PEPPER_ROOT,12037.0,11.0,12034.0,16.0,,,12050.0,11.0,12053.0,16.0,,,12043.5,0.0
0,43300,INTARIAN_PEPPER_ROOT,12037.0,11.0,12034.0,20.0,,,12050.0,11.0,12053.0,20.0,,,12043.5,0.0
0,43400,INTARIAN_PEPPER_ROOT,12034.0,22.0,,,,,,,,,,,12034.0,0.0
0,43500,INTARIAN_PEPPER_ROOT,12037.0,10.0,,,,,12053.0,16.0,,,,,12045.0,0.0
0,43600,INTARIAN_PEPPER_ROOT,12037.0,10.0,12034.0,16.0,,,12050.0,10.0,12053.0,16.0,,,12043.5,0.0
0,43700,INTARIAN_PEPPER_ROOT,,,,,,,12050.0,12.0,,,,,12050.0,0.0
0,43800,INTARIAN_PEPPER_ROOT,12034.0,23.0,,,,,12050.0,11.0,,,,,12042.0,0.0
0,43900,INTARIAN_PEPPER_ROOT,,,,,,,12050.0,8.0,,,,,12050.0,0.0
0,44000,INTARIAN_PEPPER_ROOT,12037.0,12.0,12034.0,18.0,,,12051.0,12.0,12054.0,18.0,,,12044.0,0.0
0,44100,INTARIAN_PEPPER_ROOT,12035.0,20.0,,,,,12051.0,12.0,12054.0,20.0,,,12043.0,0.0
0,44200,INTARIAN_PEPPER_ROOT,12038.0,10.0,12035.0,24.0,,,,,,,,,12038.0,0.0
0,44300,INTARIAN_PEPPER_ROOT,12035.0,17.0,,,,,12051.0,9.0,12054.0,17.0,,,12043.0,0.0
0,44400,INTARIAN_PEPPER_ROOT,12038.0,9.0,12035.0,24.0,,,12051.0,9.0,12054.0,24.0,,,12044.5,0.0
0,44500,INTARIAN_PEPPER_ROOT,12038.0,12.0,12035.0,25.0,,,12051.0,12.0,12054.0,25.0,,,12044.5,0.0
0,44600,INTARIAN_PEPPER_ROOT,12038.0,8.0,12035.0,23.0,,,12051.0,8.0,12054.0,23.0,,,12044.5,0.0
0,44700,INTARIAN_PEPPER_ROOT,12035.0,25.0,,,,,12051.0,9.0,,,,,12043.0,0.0
0,44800,INTARIAN_PEPPER_ROOT,12038.0,9.0,12035.0,17.0,,,12051.0,9.0,,,,,12044.5,0.0
0,44900,INTARIAN_PEPPER_ROOT,12038.0,11.0,12035.0,16.0,,,12051.0,11.0,12054.0,16.0,,,12044.5,0.0
0,45000,INTARIAN_PEPPER_ROOT,12038.0,12.0,12035.0,20.0,,,12052.0,12.0,12055.0,20.0,,,12045.0,0.0
0,45100,INTARIAN_PEPPER_ROOT,12039.0,8.0,12036.0,25.0,,,12052.0,8.0,12055.0,25.0,,,12045.5,0.0
0,45200,INTARIAN_PEPPER_ROOT,12039.0,8.0,12036.0,25.0,,,12052.0,8.0,12055.0,25.0,,,12045.5,0.0
0,45300,INTARIAN_PEPPER_ROOT,12036.0,20.0,,,,,12052.0,8.0,12055.0,20.0,,,12044.0,0.0
0,45400,INTARIAN_PEPPER_ROOT,12039.0,8.0,12036.0,20.0,,,12052.0,8.0,,,,,12045.5,0.0
0,45500,INTARIAN_PEPPER_ROOT,12039.0,9.0,12036.0,17.0,,,12052.0,9.0,12055.0,17.0,,,12045.5,0.0
0,45600,INTARIAN_PEPPER_ROOT,12039.0,9.0,12036.0,25.0,,,12052.0,9.0,12055.0,25.0,,,12045.5,0.0
0,45700,INTARIAN_PEPPER_ROOT,12039.0,9.0,12036.0,16.0,,,12055.0,16.0,,,,,12047.0,0.0
0,45800,INTARIAN_PEPPER_ROOT,12039.0,10.0,12036.0,24.0,,,12052.0,10.0,12055.0,24.0,,,12045.5,0.0
0,45900,INTARIAN_PEPPER_ROOT,12039.0,11.0,12036.0,21.0,,,12055.0,21.0,,,,,12047.0,0.0
0,46000,INTARIAN_PEPPER_ROOT,12039.0,8.0,12036.0,19.0,,,12056.0,19.0,,,,,12047.5,0.0
0,46100,INTARIAN_PEPPER_ROOT,,,,,,,12053.0,12.0,12056.0,22.0,,,12053.0,0.0
0,46200,INTARIAN_PEPPER_ROOT,12040.0,10.0,12037.0,15.0,,,12053.0,10.0,12056.0,15.0,,,12046.5,0.0
0,46300,INTARIAN_PEPPER_ROOT,12040.0,8.0,12037.0,15.0,,,12053.0,8.0,12056.0,15.0,,,12046.5,0.0
0,46400,INTARIAN_PEPPER_ROOT,12040.0,11.0,12037.0,16.0,,,12053.0,11.0,12056.0,16.0,,,12046.5,0.0
0,46500,INTARIAN_PEPPER_ROOT,12040.0,9.0,12037.0,18.0,,,12053.0,9.0,12056.0,18.0,,,12046.5,0.0
0,46600,INTARIAN_PEPPER_ROOT,12040.0,10.0,,,,,12053.0,10.0,12056.0,21.0,,,12046.5,0.0
0,46700,INTARIAN_PEPPER_ROOT,12040.0,8.0,12037.0,24.0,,,12053.0,8.0,12056.0,24.0,,,12046.5,0.0
0,46800,INTARIAN_PEPPER_ROOT,12040.0,10.0,12037.0,20.0,,,12053.0,10.0,12056.0,20.0,,,12046.5,0.0
0,46900,INTARIAN_PEPPER_ROOT,12040.0,12.0,12037.0,21.0,,,12056.0,21.0,,,,,12048.0,0.0
0,47000,INTARIAN_PEPPER_ROOT,12040.0,8.0,12037.0,17.0,,,12054.0,8.0,12057.0,17.0,,,12047.0,0.0
0,47100,INTARIAN_PEPPER_ROOT,12041.0,8.0,,,,,12054.0,8.0,12057.0,24.0,,,12047.5,0.0
0,47200,INTARIAN_PEPPER_ROOT,12041.0,12.0,12038.0,25.0,,,12054.0,12.0,,,,,12047.5,0.0
0,47300,INTARIAN_PEPPER_ROOT,12041.0,11.0,,,,,,,,,,,12041.0,0.0
0,47400,INTARIAN_PEPPER_ROOT,12038.0,25.0,,,,,12054.0,12.0,12057.0,25.0,,,12046.0,0.0
0,47500,INTARIAN_PEPPER_ROOT,12041.0,12.0,12038.0,17.0,,,12054.0,12.0,,,,,12047.5,0.0
0,47600,INTARIAN_PEPPER_ROOT,12038.0,22.0,,,,,12054.0,8.0,12057.0,22.0,,,12046.0,0.0
0,47700,INTARIAN_PEPPER_ROOT,12041.0,11.0,12038.0,22.0,,,12057.0,22.0,,,,,12049.0,0.0
0,47800,INTARIAN_PEPPER_ROOT,12041.0,9.0,12038.0,20.0,,,12054.0,9.0,12057.0,20.0,,,12047.5,0.0
0,47900,INTARIAN_PEPPER_ROOT,12041.0,12.0,,,,,12044.0,4.0,12054.0,12.0,12057.0,25.0,12042.5,0.0
0,48000,INTARIAN_PEPPER_ROOT,12041.0,9.0,12038.0,19.0,,,12055.0,9.0,12058.0,19.0,,,12048.0,0.0
0,48100,INTARIAN_PEPPER_ROOT,12039.0,25.0,,,,,12055.0,8.0,12058.0,25.0,,,12047.0,0.0
0,48200,INTARIAN_PEPPER_ROOT,12042.0,9.0,12039.0,18.0,,,12058.0,18.0,,,,,12050.0,0.0
0,48300,INTARIAN_PEPPER_ROOT,12042.0,9.0,12039.0,22.0,,,12055.0,9.0,12058.0,22.0,,,12048.5,0.0
0,48400,INTARIAN_PEPPER_ROOT,12042.0,8.0,12039.0,15.0,,,12055.0,8.0,12058.0,15.0,,,12048.5,0.0
0,48500,INTARIAN_PEPPER_ROOT,12042.0,11.0,12039.0,16.0,,,12055.0,11.0,12058.0,16.0,,,12048.5,0.0
0,48600,INTARIAN_PEPPER_ROOT,12042.0,10.0,12039.0,25.0,,,12055.0,10.0,12058.0,25.0,,,12048.5,0.0
0,48700,INTARIAN_PEPPER_ROOT,12042.0,9.0,12039.0,17.0,,,12055.0,9.0,,,,,12048.5,0.0
0,48800,INTARIAN_PEPPER_ROOT,12042.0,8.0,,,,,12058.0,23.0,,,,,12050.0,0.0
0,48900,INTARIAN_PEPPER_ROOT,12042.0,11.0,12039.0,17.0,,,12055.0,11.0,12058.0,17.0,,,12048.5,0.0
0,49000,INTARIAN_PEPPER_ROOT,12042.0,8.0,12039.0,18.0,,,12056.0,8.0,12059.0,18.0,,,12049.0,0.0
0,49100,INTARIAN_PEPPER_ROOT,12043.0,10.0,,,,,12056.0,10.0,12059.0,22.0,,,12049.5,0.0
0,49200,INTARIAN_PEPPER_ROOT,12043.0,11.0,,,,,12056.0,11.0,12059.0,24.0,,,12049.5,0.0
0,49300,INTARIAN_PEPPER_ROOT,12043.0,8.0,12040.0,23.0,,,12056.0,8.0,12059.0,23.0,,,12049.5,0.0
0,49400,INTARIAN_PEPPER_ROOT,12043.0,8.0,12040.0,22.0,,,12056.0,8.0,12059.0,22.0,,,12049.5,0.0
0,49500,INTARIAN_PEPPER_ROOT,12043.0,12.0,12040.0,24.0,,,12056.0,12.0,,,,,12049.5,0.0
0,49600,INTARIAN_PEPPER_ROOT,12043.0,8.0,12040.0,25.0,,,12056.0,8.0,12059.0,25.0,,,12049.5,0.0
0,49700,INTARIAN_PEPPER_ROOT,12043.0,11.0,12040.0,24.0,,,12056.0,11.0,,,,,12049.5,0.0
0,49800,INTARIAN_PEPPER_ROOT,12043.0,8.0,12040.0,25.0,,,12059.0,25.0,,,,,12051.0,0.0
0,49900,INTARIAN_PEPPER_ROOT,,,,,,,12059.0,25.0,,,,,12059.0,0.0
0,50000,INTARIAN_PEPPER_ROOT,12040.0,19.0,,,,,12057.0,8.0,12060.0,19.0,,,12048.5,0.0
0,50100,INTARIAN_PEPPER_ROOT,,,,,,,12057.0,9.0,12060.0,17.0,,,12057.0,0.0
0,50200,INTARIAN_PEPPER_ROOT,12044.0,8.0,12041.0,18.0,,,12057.0,8.0,12060.0,18.0,,,12050.5,0.0
0,50300,INTARIAN_PEPPER_ROOT,12044.0,8.0,12041.0,25.0,,,12057.0,8.0,12060.0,25.0,,,12050.5,0.0
0,50400,INTARIAN_PEPPER_ROOT,12041.0,23.0,,,,,12060.0,23.0,,,,,12050.5,0.0
0,50500,INTARIAN_PEPPER_ROOT,12044.0,11.0,12041.0,23.0,,,12057.0,11.0,12060.0,23.0,,,12050.5,0.0
0,50600,INTARIAN_PEPPER_ROOT,12044.0,9.0,12041.0,25.0,,,12057.0,9.0,12060.0,25.0,,,12050.5,0.0
0,50700,INTARIAN_PEPPER_ROOT,12044.0,11.0,12041.0,17.0,,,12057.0,11.0,12060.0,17.0,,,12050.5,0.0
0,50800,INTARIAN_PEPPER_ROOT,12044.0,11.0,12041.0,19.0,,,12057.0,11.0,,,,,12050.5,0.0
0,50900,INTARIAN_PEPPER_ROOT,12044.0,8.0,12041.0,16.0,,,12057.0,8.0,12060.0,16.0,,,12050.5,0.0
0,51000,INTARIAN_PEPPER_ROOT,,,,,,,12058.0,9.0,12061.0,24.0,,,12058.0,0.0
0,51100,INTARIAN_PEPPER_ROOT,12045.0,12.0,,,,,12058.0,12.0,12061.0,22.0,,,12051.5,0.0
0,51200,INTARIAN_PEPPER_ROOT,12045.0,9.0,12042.0,20.0,,,12058.0,9.0,12061.0,20.0,,,12051.5,0.0
0,51300,INTARIAN_PEPPER_ROOT,12045.0,11.0,12042.0,18.0,,,12058.0,11.0,,,,,12051.5,0.0
0,51400,INTARIAN_PEPPER_ROOT,12045.0,10.0,12042.0,21.0,,,12061.0,21.0,,,,,12053.0,0.0
0,51500,INTARIAN_PEPPER_ROOT,12045.0,12.0,12042.0,18.0,,,12058.0,12.0,12061.0,18.0,,,12051.5,0.0
0,51600,INTARIAN_PEPPER_ROOT,12042.0,22.0,,,,,,,,,,,12042.0,0.0
0,51700,INTARIAN_PEPPER_ROOT,12045.0,12.0,12042.0,20.0,,,12058.0,12.0,,,,,12051.5,0.0
0,51800,INTARIAN_PEPPER_ROOT,12045.0,11.0,12042.0,17.0,,,12058.0,11.0,12061.0,17.0,,,12051.5,0.0
0,51900,INTARIAN_PEPPER_ROOT,12045.0,10.0,12042.0,24.0,,,12058.0,10.0,12061.0,24.0,,,12051.5,0.0
0,52000,INTARIAN_PEPPER_ROOT,12045.0,10.0,12042.0,25.0,,,12059.0,10.0,12062.0,25.0,,,12052.0,0.0
0,52100,INTARIAN_PEPPER_ROOT,12046.0,11.0,12043.0,22.0,,,12059.0,11.0,12062.0,22.0,,,12052.5,0.0
0,52200,INTARIAN_PEPPER_ROOT,12046.0,12.0,,,,,12059.0,12.0,12062.0,15.0,,,12052.5,0.0
0,52300,INTARIAN_PEPPER_ROOT,12046.0,11.0,12043.0,23.0,,,12062.0,23.0,,,,,12054.0,0.0
0,52400,INTARIAN_PEPPER_ROOT,12046.0,10.0,12043.0,19.0,,,12059.0,10.0,,,,,12052.5,0.0
0,52500,INTARIAN_PEPPER_ROOT,12046.0,12.0,,,,,12059.0,12.0,12062.0,15.0,,,12052.5,0.0
0,52600,INTARIAN_PEPPER_ROOT,12046.0,9.0,,,,,12059.0,9.0,12062.0,24.0,,,12052.5,0.0
0,52700,INTARIAN_PEPPER_ROOT,12046.0,9.0,12043.0,21.0,,,12059.0,9.0,12062.0,21.0,,,12052.5,0.0
0,52800,INTARIAN_PEPPER_ROOT,12046.0,11.0,12043.0,22.0,,,12059.0,11.0,,,,,12052.5,0.0
0,52900,INTARIAN_PEPPER_ROOT,,,,,,,12059.0,10.0,12062.0,23.0,,,12059.0,0.0
0,53000,INTARIAN_PEPPER_ROOT,12046.0,12.0,12043.0,25.0,,,12063.0,25.0,,,,,12054.5,0.0
0,53100,INTARIAN_PEPPER_ROOT,12047.0,11.0,,,,,12060.0,11.0,,,,,12053.5,0.0
0,53200,INTARIAN_PEPPER_ROOT,12047.0,9.0,,,,,12063.0,20.0,,,,,12055.0,0.0
0,53300,INTARIAN_PEPPER_ROOT,12047.0,9.0,12044.0,16.0,,,12063.0,16.0,,,,,12055.0,0.0
0,53400,INTARIAN_PEPPER_ROOT,12047.0,9.0,12044.0,24.0,,,12060.0,9.0,,,,,12053.5,0.0
0,53500,INTARIAN_PEPPER_ROOT,12047.0,8.0,,,,,12060.0,8.0,12063.0,16.0,,,12053.5,0.0
0,53600,INTARIAN_PEPPER_ROOT,12047.0,10.0,12044.0,25.0,,,12060.0,10.0,12063.0,25.0,,,12053.5,0.0
0,53700,INTARIAN_PEPPER_ROOT,12047.0,10.0,12044.0,15.0,,,12060.0,10.0,12063.0,15.0,,,12053.5,0.0
0,53800,INTARIAN_PEPPER_ROOT,12047.0,12.0,12044.0,17.0,,,12060.0,12.0,12063.0,17.0,,,12053.5,0.0
0,53900,INTARIAN_PEPPER_ROOT,12047.0,11.0,12044.0,16.0,,,12060.0,11.0,12063.0,16.0,,,12053.5,0.0
0,54000,INTARIAN_PEPPER_ROOT,12047.0,12.0,,,,,12061.0,12.0,,,,,12054.0,0.0
0,54100,INTARIAN_PEPPER_ROOT,12048.0,8.0,12045.0,19.0,,,12061.0,8.0,,,,,12054.5,0.0
0,54200,INTARIAN_PEPPER_ROOT,12048.0,9.0,12045.0,20.0,,,12061.0,9.0,12064.0,20.0,,,12054.5,0.0
0,54300,INTARIAN_PEPPER_ROOT,12048.0,10.0,12045.0,15.0,,,12061.0,10.0,12064.0,15.0,,,12054.5,0.0
0,54400,INTARIAN_PEPPER_ROOT,12045.0,22.0,,,,,12061.0,8.0,12064.0,22.0,,,12053.0,0.0
0,54500,INTARIAN_PEPPER_ROOT,12048.0,10.0,,,,,12061.0,10.0,,,,,12054.5,0.0
0,54600,INTARIAN_PEPPER_ROOT,12048.0,9.0,,,,,12061.0,9.0,12064.0,16.0,,,12054.5,0.0
0,54700,INTARIAN_PEPPER_ROOT,12048.0,9.0,12045.0,20.0,,,12061.0,9.0,12064.0,20.0,,,12054.5,0.0
0,54800,INTARIAN_PEPPER_ROOT,12045.0,17.0,,,,,12064.0,17.0,,,,,12054.5,0.0
0,54900,INTARIAN_PEPPER_ROOT,12058.0,4.0,12048.0,10.0,12045.0,25.0,12061.0,10.0,12064.0,25.0,,,12059.5,0.0
0,55000,INTARIAN_PEPPER_ROOT,12048.0,12.0,12045.0,16.0,,,12062.0,12.0,12065.0,16.0,,,12055.0,0.0
0,55100,INTARIAN_PEPPER_ROOT,12046.0,21.0,,,,,12062.0,12.0,12065.0,21.0,,,12054.0,0.0
0,55200,INTARIAN_PEPPER_ROOT,12049.0,12.0,12046.0,21.0,,,12062.0,12.0,12065.0,21.0,,,12055.5,0.0
0,55300,INTARIAN_PEPPER_ROOT,12049.0,11.0,12046.0,23.0,,,12062.0,11.0,12065.0,23.0,,,12055.5,0.0
0,55400,INTARIAN_PEPPER_ROOT,12049.0,11.0,12046.0,21.0,,,12062.0,11.0,12065.0,21.0,,,12055.5,0.0
0,55500,INTARIAN_PEPPER_ROOT,12049.0,9.0,12046.0,15.0,,,12062.0,9.0,12065.0,15.0,,,12055.5,0.0
0,55600,INTARIAN_PEPPER_ROOT,,,,,,,,,,,,,0.0,0.0
0,55700,INTARIAN_PEPPER_ROOT,12046.0,15.0,,,,,,,,,,,12046.0,0.0
0,55800,INTARIAN_PEPPER_ROOT,12046.0,19.0,,,,,12062.0,11.0,12065.0,19.0,,,12054.0,0.0
0,55900,INTARIAN_PEPPER_ROOT,12049.0,11.0,12046.0,18.0,,,12062.0,11.0,12065.0,18.0,,,12055.5,0.0
0,56000,INTARIAN_PEPPER_ROOT,12049.0,12.0,12046.0,23.0,,,12063.0,12.0,12066.0,23.0,,,12056.0,0.0
0,56100,INTARIAN_PEPPER_ROOT,12050.0,9.0,12047.0,18.0,,,,,,,,,12050.0,0.0
0,56200,INTARIAN_PEPPER_ROOT,12047.0,24.0,,,,,12063.0,10.0,12066.0,24.0,,,12055.0,0.0
0,56300,INTARIAN_PEPPER_ROOT,12050.0,11.0,,,,,12063.0,11.0,12066.0,21.0,,,12056.5,0.0
0,56400,INTARIAN_PEPPER_ROOT,12047.0,21.0,,,,,12063.0,9.0,12066.0,21.0,,,12055.0,0.0
0,56500,INTARIAN_PEPPER_ROOT,12050.0,8.0,12047.0,16.0,,,12063.0,8.0,12066.0,16.0,,,12056.5,0.0
0,56600,INTARIAN_PEPPER_ROOT,12050.0,8.0,,,,,12063.0,8.0,,,,,12056.5,0.0
0,56700,INTARIAN_PEPPER_ROOT,12050.0,12.0,12047.0,25.0,,,12063.0,12.0,,,,,12056.5,0.0
0,56800,INTARIAN_PEPPER_ROOT,12050.0,9.0,12047.0,15.0,,,12063.0,9.0,12066.0,15.0,,,12056.5,0.0
0,56900,INTARIAN_PEPPER_ROOT,12050.0,11.0,12047.0,19.0,,,12063.0,11.0,12066.0,19.0,,,12056.5,0.0
0,57000,INTARIAN_PEPPER_ROOT,12050.0,11.0,12047.0,21.0,,,12064.0,11.0,12067.0,21.0,,,12057.0,0.0
0,57100,INTARIAN_PEPPER_ROOT,12051.0,8.0,12048.0,15.0,,,12064.0,8.0,12067.0,15.0,,,12057.5,0.0
0,57200,INTARIAN_PEPPER_ROOT,12051.0,10.0,12048.0,22.0,,,12064.0,10.0,12067.0,22.0,,,12057.5,0.0
0,57300,INTARIAN_PEPPER_ROOT,12051.0,10.0,12048.0,21.0,,,12064.0,10.0,12067.0,21.0,,,12057.5,0.0
0,57400,INTARIAN_PEPPER_ROOT,12051.0,8.0,12048.0,23.0,,,12064.0,8.0,12067.0,23.0,,,12057.5,0.0
0,57500,INTARIAN_PEPPER_ROOT,12061.0,4.0,12048.0,21.0,,,12064.0,9.0,12067.0,21.0,,,12062.5,0.0
0,57600,INTARIAN_PEPPER_ROOT,12051.0,8.0,12048.0,22.0,,,12064.0,8.0,,,,,12057.5,0.0
0,57700,INTARIAN_PEPPER_ROOT,12051.0,8.0,12048.0,20.0,,,12064.0,8.0,12067.0,20.0,,,12057.5,0.0
0,57800,INTARIAN_PEPPER_ROOT,12051.0,12.0,12048.0,23.0,,,12064.0,12.0,,,,,12057.5,0.0
0,57900,INTARIAN_PEPPER_ROOT,12051.0,12.0,12048.0,16.0,,,12064.0,12.0,,,,,12057.5,0.0
0,58000,INTARIAN_PEPPER_ROOT,12048.0,19.0,,,,,12065.0,10.0,12068.0,19.0,,,12056.5,0.0
0,58100,INTARIAN_PEPPER_ROOT,12052.0,10.0,12049.0,18.0,,,,,,,,,12052.0,0.0
0,58200,INTARIAN_PEPPER_ROOT,12052.0,8.0,,,,,12065.0,8.0,12068.0,16.0,,,12058.5,0.0
0,58300,INTARIAN_PEPPER_ROOT,12052.0,8.0,,,,,12065.0,8.0,12068.0,25.0,,,12058.5,0.0
0,58400,INTARIAN_PEPPER_ROOT,,,,,,,12068.0,17.0,,,,,12068.0,0.0
0,58500,INTARIAN_PEPPER_ROOT,12052.0,9.0,12049.0,22.0,,,12065.0,9.0,12068.0,22.0,,,12058.5,0.0
0,58600,INTARIAN_PEPPER_ROOT,12049.0,25.0,,,,,12065.0,9.0,12068.0,25.0,,,12057.0,0.0
0,58700,INTARIAN_PEPPER_ROOT,12049.0,19.0,,,,,12065.0,12.0,12068.0,19.0,,,12057.0,0.0
0,58800,INTARIAN_PEPPER_ROOT,12049.0,25.0,,,,,12065.0,10.0,12068.0,25.0,,,12057.0,0.0
0,58900,INTARIAN_PEPPER_ROOT,12052.0,8.0,12049.0,25.0,,,12065.0,8.0,12068.0,25.0,,,12058.5,0.0
0,59000,INTARIAN_PEPPER_ROOT,12052.0,10.0,,,,,,,,,,,12052.0,0.0
0,59100,INTARIAN_PEPPER_ROOT,12053.0,11.0,,,,,12066.0,11.0,,,,,12059.5,0.0
0,59200,INTARIAN_PEPPER_ROOT,12053.0,11.0,12050.0,20.0,,,12066.0,11.0,12069.0,20.0,,,12059.5,0.0
0,59300,INTARIAN_PEPPER_ROOT,12056.0,5.0,12053.0,9.0,12050.0,25.0,12066.0,9.0,12069.0,25.0,,,12061.0,0.0
0,59400,INTARIAN_PEPPER_ROOT,,,,,,,12066.0,12.0,12069.0,25.0,,,12066.0,0.0
0,59500,INTARIAN_PEPPER_ROOT,12053.0,10.0,12050.0,19.0,,,12066.0,10.0,12069.0,19.0,,,12059.5,0.0
0,59600,INTARIAN_PEPPER_ROOT,12050.0,22.0,,,,,12066.0,12.0,,,,,12058.0,0.0
0,59700,INTARIAN_PEPPER_ROOT,12053.0,9.0,12050.0,25.0,,,12066.0,9.0,12069.0,25.0,,,12059.5,0.0
0,59800,INTARIAN_PEPPER_ROOT,12053.0,10.0,12050.0,16.0,,,12066.0,10.0,12069.0,16.0,,,12059.5,0.0
0,59900,INTARIAN_PEPPER_ROOT,12053.0,9.0,,,,,12066.0,9.0,12069.0,23.0,,,12059.5,0.0
0,60000,INTARIAN_PEPPER_ROOT,,,,,,,12067.0,8.0,,,,,12067.0,0.0
0,60100,INTARIAN_PEPPER_ROOT,12054.0,9.0,12051.0,17.0,,,12067.0,9.0,,,,,12060.5,0.0
0,60200,INTARIAN_PEPPER_ROOT,12054.0,8.0,,,,,12067.0,8.0,,,,,12060.5,0.0
0,60300,INTARIAN_PEPPER_ROOT,12054.0,9.0,12051.0,23.0,,,12070.0,23.0,,,,,12062.0,0.0
0,60400,INTARIAN_PEPPER_ROOT,12051.0,25.0,,,,,12067.0,12.0,12070.0,25.0,,,12059.0,0.0
0,60500,INTARIAN_PEPPER_ROOT,12054.0,8.0,12051.0,20.0,,,12067.0,8.0,12070.0,20.0,,,12060.5,0.0
0,60600,INTARIAN_PEPPER_ROOT,12051.0,15.0,,,,,12067.0,12.0,12070.0,15.0,,,12059.0,0.0
0,60700,INTARIAN_PEPPER_ROOT,12054.0,12.0,12051.0,25.0,,,12070.0,25.0,,,,,12062.0,0.0
0,60800,INTARIAN_PEPPER_ROOT,12054.0,10.0,12051.0,23.0,,,12070.0,23.0,,,,,12062.0,0.0
0,60900,INTARIAN_PEPPER_ROOT,12051.0,22.0,,,,,12070.0,22.0,,,,,12060.5,0.0
0,61000,INTARIAN_PEPPER_ROOT,12054.0,10.0,,,,,12063.0,11.0,12068.0,10.0,,,12058.5,0.0
0,61100,INTARIAN_PEPPER_ROOT,12055.0,8.0,12052.0,15.0,,,12068.0,8.0,12071.0,15.0,,,12061.5,0.0
0,61200,INTARIAN_PEPPER_ROOT,12055.0,12.0,12052.0,21.0,,,12068.0,12.0,12071.0,21.0,,,12061.5,0.0
0,61300,INTARIAN_PEPPER_ROOT,12055.0,9.0,12052.0,18.0,,,12068.0,9.0,12071.0,18.0,,,12061.5,0.0
0,61400,INTARIAN_PEPPER_ROOT,12055.0,12.0,12052.0,23.0,,,,,,,,,12055.0,0.0
0,61500,INTARIAN_PEPPER_ROOT,12055.0,10.0,12052.0,17.0,,,12068.0,10.0,12071.0,17.0,,,12061.5,0.0
0,61600,INTARIAN_PEPPER_ROOT,12055.0,10.0,12052.0,18.0,,,,,,,,,12055.0,0.0
0,61700,INTARIAN_PEPPER_ROOT,12052.0,16.0,,,,,12068.0,10.0,12071.0,16.0,,,12060.0,0.0
0,61800,INTARIAN_PEPPER_ROOT,12055.0,12.0,12052.0,25.0,,,12068.0,12.0,12071.0,25.0,,,12061.5,0.0
0,61900,INTARIAN_PEPPER_ROOT,12065.0,5.0,12055.0,11.0,12052.0,15.0,12071.0,15.0,,,,,12068.0,0.0
0,62000,INTARIAN_PEPPER_ROOT,,,,,,,12072.0,15.0,,,,,12072.0,0.0
0,62100,INTARIAN_PEPPER_ROOT,12056.0,10.0,12053.0,19.0,,,12069.0,10.0,,,,,12062.5,0.0
0,62200,INTARIAN_PEPPER_ROOT,12056.0,11.0,,,,,12069.0,11.0,12072.0,19.0,,,12062.5,0.0
0,62300,INTARIAN_PEPPER_ROOT,12056.0,11.0,12053.0,21.0,,,12069.0,11.0,12072.0,21.0,,,12062.5,0.0
0,62400,INTARIAN_PEPPER_ROOT,12056.0,9.0,12053.0,24.0,,,12069.0,9.0,,,,,12062.5,0.0
0,62500,INTARIAN_PEPPER_ROOT,,,,,,,12072.0,24.0,,,,,12072.0,0.0
0,62600,INTARIAN_PEPPER_ROOT,12056.0,10.0,12053.0,22.0,,,12069.0,10.0,12072.0,22.0,,,12062.5,0.0
0,62700,INTARIAN_PEPPER_ROOT,12056.0,8.0,12053.0,16.0,,,12069.0,8.0,,,,,12062.5,0.0
0,62800,INTARIAN_PEPPER_ROOT,12056.0,11.0,12053.0,20.0,,,12069.0,11.0,12072.0,20.0,,,12062.5,0.0
0,62900,INTARIAN_PEPPER_ROOT,12056.0,8.0,12053.0,15.0,,,12072.0,15.0,,,,,12064.0,0.0
0,63000,INTARIAN_PEPPER_ROOT,12053.0,21.0,,,,,12070.0,11.0,12073.0,21.0,,,12061.5,0.0
0,63100,INTARIAN_PEPPER_ROOT,12054.0,20.0,,,,,12070.0,9.0,12073.0,20.0,,,12062.0,0.0
0,63200,INTARIAN_PEPPER_ROOT,12057.0,11.0,12054.0,21.0,,,,,,,,,12057.0,0.0
0,63300,INTARIAN_PEPPER_ROOT,12057.0,10.0,12054.0,17.0,,,12070.0,10.0,12073.0,17.0,,,12063.5,0.0
0,63400,INTARIAN_PEPPER_ROOT,12057.0,11.0,,,,,12073.0,19.0,,,,,12065.0,0.0
0,63500,INTARIAN_PEPPER_ROOT,12057.0,11.0,12054.0,17.0,,,12070.0,11.0,12073.0,17.0,,,12063.5,0.0
0,63600,INTARIAN_PEPPER_ROOT,12057.0,8.0,,,,,12073.0,25.0,,,,,12065.0,0.0
0,63700,INTARIAN_PEPPER_ROOT,12057.0,8.0,,,,,12070.0,8.0,12073.0,21.0,,,12063.5,0.0
0,63800,INTARIAN_PEPPER_ROOT,12057.0,10.0,12054.0,24.0,,,12073.0,24.0,,,,,12065.0,0.0
0,63900,INTARIAN_PEPPER_ROOT,12057.0,10.0,12054.0,15.0,,,12070.0,10.0,12073.0,15.0,,,12063.5,0.0
0,64000,INTARIAN_PEPPER_ROOT,12057.0,8.0,,,,,12071.0,8.0,12074.0,16.0,,,12064.0,0.0
0,64100,INTARIAN_PEPPER_ROOT,12058.0,8.0,12055.0,16.0,,,12071.0,8.0,12074.0,16.0,,,12064.5,0.0
0,64200,INTARIAN_PEPPER_ROOT,12058.0,11.0,,,,,12071.0,11.0,12074.0,24.0,,,12064.5,0.0
0,64300,INTARIAN_PEPPER_ROOT,12058.0,11.0,12055.0,17.0,,,12071.0,11.0,12074.0,17.0,,,12064.5,0.0
0,64400,INTARIAN_PEPPER_ROOT,12058.0,12.0,12055.0,24.0,,,12071.0,12.0,12074.0,24.0,,,12064.5,0.0
0,64500,INTARIAN_PEPPER_ROOT,12055.0,16.0,,,,,12071.0,9.0,12074.0,16.0,,,12063.0,0.0
0,64600,INTARIAN_PEPPER_ROOT,12058.0,9.0,12055.0,17.0,,,12074.0,17.0,,,,,12066.0,0.0
0,64700,INTARIAN_PEPPER_ROOT,12058.0,12.0,12055.0,24.0,,,,,,,,,12058.0,0.0
0,64800,INTARIAN_PEPPER_ROOT,12058.0,8.0,12055.0,22.0,,,12074.0,22.0,,,,,12066.0,0.0
0,64900,INTARIAN_PEPPER_ROOT,,,,,,,12071.0,10.0,,,,,12071.0,0.0
0,65000,INTARIAN_PEPPER_ROOT,12058.0,12.0,12055.0,16.0,,,12072.0,12.0,12075.0,16.0,,,12065.0,0.0
0,65100,INTARIAN_PEPPER_ROOT,12056.0,15.0,,,,,12072.0,9.0,12075.0,15.0,,,12064.0,0.0
0,65200,INTARIAN_PEPPER_ROOT,12056.0,19.0,,,,,12072.0,10.0,12075.0,19.0,,,12064.0,0.0
0,65300,INTARIAN_PEPPER_ROOT,12056.0,24.0,,,,,12072.0,12.0,12075.0,24.0,,,12064.0,0.0
0,65400,INTARIAN_PEPPER_ROOT,12059.0,10.0,12056.0,20.0,,,12075.0,20.0,,,,,12067.0,0.0
0,65500,INTARIAN_PEPPER_ROOT,12059.0,9.0,,,,,12072.0,9.0,12075.0,22.0,,,12065.5,0.0
0,65600,INTARIAN_PEPPER_ROOT,12069.0,8.0,12059.0,9.0,12056.0,23.0,12072.0,9.0,12075.0,23.0,,,12070.5,0.0
0,65700,INTARIAN_PEPPER_ROOT,12059.0,9.0,12056.0,19.0,,,12072.0,9.0,12075.0,19.0,,,12065.5,0.0
0,65800,INTARIAN_PEPPER_ROOT,12059.0,11.0,,,,,12068.0,6.0,12072.0,11.0,12075.0,18.0,12063.5,0.0
0,65900,INTARIAN_PEPPER_ROOT,12059.0,9.0,,,,,12075.0,21.0,,,,,12067.0,0.0
0,66000,INTARIAN_PEPPER_ROOT,12056.0,16.0,,,,,12076.0,16.0,,,,,12066.0,0.0
0,66100,INTARIAN_PEPPER_ROOT,12057.0,16.0,,,,,12073.0,12.0,,,,,12065.0,0.0
0,66200,INTARIAN_PEPPER_ROOT,12060.0,9.0,12057.0,18.0,,,12073.0,9.0,12076.0,18.0,,,12066.5,0.0
0,66300,INTARIAN_PEPPER_ROOT,12060.0,12.0,12057.0,18.0,,,12073.0,12.0,12076.0,18.0,,,12066.5,0.0
0,66400,INTARIAN_PEPPER_ROOT,12057.0,22.0,,,,,12073.0,12.0,12076.0,22.0,,,12065.0,0.0
0,66500,INTARIAN_PEPPER_ROOT,12060.0,9.0,12057.0,20.0,,,12076.0,20.0,,,,,12068.0,0.0
0,66600,INTARIAN_PEPPER_ROOT,12060.0,11.0,12057.0,20.0,,,12073.0,11.0,12076.0,20.0,,,12066.5,0.0
0,66700,INTARIAN_PEPPER_ROOT,12060.0,11.0,12057.0,24.0,,,12073.0,11.0,,,,,12066.5,0.0
0,66800,INTARIAN_PEPPER_ROOT,12060.0,9.0,12057.0,25.0,,,12073.0,9.0,12076.0,25.0,,,12066.5,0.0
0,66900,INTARIAN_PEPPER_ROOT,12060.0,9.0,,,,,12073.0,9.0,,,,,12066.5,0.0
0,67000,INTARIAN_PEPPER_ROOT,12060.0,8.0,12057.0,25.0,,,12074.0,8.0,12077.0,25.0,,,12067.0,0.0
0,67100,INTARIAN_PEPPER_ROOT,12061.0,8.0,,,,,12074.0,8.0,12077.0,17.0,,,12067.5,0.0
0,67200,INTARIAN_PEPPER_ROOT,12061.0,11.0,12058.0,18.0,,,12074.0,11.0,12077.0,18.0,,,12067.5,0.0
0,67300,INTARIAN_PEPPER_ROOT,12061.0,11.0,12058.0,25.0,,,12074.0,11.0,12077.0,25.0,,,12067.5,0.0
0,67400,INTARIAN_PEPPER_ROOT,12061.0,8.0,,,,,12074.0,8.0,,,,,12067.5,0.0
0,67500,INTARIAN_PEPPER_ROOT,12061.0,8.0,12058.0,18.0,,,,,,,,,12061.0,0.0
0,67600,INTARIAN_PEPPER_ROOT,12058.0,23.0,,,,,12074.0,9.0,12077.0,23.0,,,12066.0,0.0
0,67700,INTARIAN_PEPPER_ROOT,12061.0,9.0,12058.0,25.0,,,12074.0,9.0,,,,,12067.5,0.0
0,67800,INTARIAN_PEPPER_ROOT,12061.0,12.0,12058.0,21.0,,,12074.0,12.0,12077.0,21.0,,,12067.5,0.0
0,67900,INTARIAN_PEPPER_ROOT,12061.0,11.0,12058.0,19.0,,,12074.0,11.0,12077.0,19.0,,,12067.5,0.0
0,68000,INTARIAN_PEPPER_ROOT,12061.0,12.0,12058.0,22.0,,,12075.0,12.0,12078.0,22.0,,,12068.0,0.0
0,68100,INTARIAN_PEPPER_ROOT,12062.0,10.0,12059.0,24.0,,,12075.0,10.0,12078.0,24.0,,,12068.5,0.0
0,68200,INTARIAN_PEPPER_ROOT,12059.0,24.0,,,,,12075.0,12.0,12078.0,24.0,,,12067.0,0.0
0,68300,INTARIAN_PEPPER_ROOT,12059.0,21.0,,,,,12075.0,12.0,12078.0,21.0,,,12067.0,0.0
0,68400,INTARIAN_PEPPER_ROOT,12062.0,12.0,12059.0,21.0,,,12075.0,12.0,12078.0,21.0,,,12068.5,0.0
0,68500,INTARIAN_PEPPER_ROOT,12059.0,18.0,,,,,12078.0,18.0,,,,,12068.5,0.0
0,68600,INTARIAN_PEPPER_ROOT,12062.0,9.0,12059.0,17.0,,,12075.0,9.0,12078.0,17.0,,,12068.5,0.0
0,68700,INTARIAN_PEPPER_ROOT,12062.0,10.0,12059.0,15.0,,,12075.0,10.0,,,,,12068.5,0.0
0,68800,INTARIAN_PEPPER_ROOT,12062.0,8.0,12059.0,23.0,,,12075.0,8.0,,,,,12068.5,0.0
0,68900,INTARIAN_PEPPER_ROOT,12062.0,10.0,12059.0,24.0,,,12075.0,10.0,12078.0,24.0,,,12068.5,0.0
0,69000,INTARIAN_PEPPER_ROOT,12062.0,12.0,12059.0,23.0,,,12076.0,12.0,12079.0,23.0,,,12069.0,0.0
0,69100,INTARIAN_PEPPER_ROOT,12060.0,23.0,,,,,12076.0,10.0,12079.0,23.0,,,12068.0,0.0
0,69200,INTARIAN_PEPPER_ROOT,12063.0,11.0,,,,,,,,,,,12063.0,0.0
0,69300,INTARIAN_PEPPER_ROOT,12063.0,11.0,12060.0,18.0,,,12076.0,11.0,12079.0,18.0,,,12069.5,0.0
0,69400,INTARIAN_PEPPER_ROOT,12063.0,12.0,12060.0,22.0,,,12076.0,12.0,12079.0,22.0,,,12069.5,0.0
0,69500,INTARIAN_PEPPER_ROOT,12063.0,9.0,12060.0,25.0,,,12076.0,9.0,,,,,12069.5,0.0
0,69600,INTARIAN_PEPPER_ROOT,12063.0,10.0,12060.0,25.0,,,12076.0,10.0,12079.0,25.0,,,12069.5,0.0
0,69700,INTARIAN_PEPPER_ROOT,12063.0,10.0,,,,,12076.0,10.0,12079.0,24.0,,,12069.5,0.0
0,69800,INTARIAN_PEPPER_ROOT,12063.0,9.0,12060.0,21.0,,,12076.0,9.0,12079.0,21.0,,,12069.5,0.0
0,69900,INTARIAN_PEPPER_ROOT,12060.0,23.0,,,,,12079.0,23.0,,,,,12069.5,0.0
0,70000,INTARIAN_PEPPER_ROOT,12063.0,9.0,12060.0,25.0,,,12080.0,25.0,,,,,12071.5,0.0
0,70100,INTARIAN_PEPPER_ROOT,12061.0,24.0,,,,,12077.0,10.0,12080.0,24.0,,,12069.0,0.0
0,70200,INTARIAN_PEPPER_ROOT,12064.0,12.0,12061.0,20.0,,,12077.0,12.0,12080.0,20.0,,,12070.5,0.0
0,70300,INTARIAN_PEPPER_ROOT,12064.0,10.0,12061.0,25.0,,,,,,,,,12064.0,0.0
0,70400,INTARIAN_PEPPER_ROOT,12064.0,8.0,12061.0,22.0,,,12077.0,8.0,12080.0,22.0,,,12070.5,0.0
0,70500,INTARIAN_PEPPER_ROOT,12064.0,10.0,12061.0,18.0,,,12077.0,10.0,12080.0,18.0,,,12070.5,0.0
0,70600,INTARIAN_PEPPER_ROOT,12064.0,12.0,12061.0,25.0,,,12077.0,12.0,12080.0,25.0,,,12070.5,0.0
0,70700,INTARIAN_PEPPER_ROOT,12064.0,9.0,,,,,12077.0,9.0,12080.0,23.0,,,12070.5,0.0
0,70800,INTARIAN_PEPPER_ROOT,12064.0,10.0,12061.0,23.0,,,12077.0,10.0,12080.0,23.0,,,12070.5,0.0
0,70900,INTARIAN_PEPPER_ROOT,12064.0,11.0,12061.0,23.0,,,12077.0,11.0,12080.0,23.0,,,12070.5,0.0
0,71000,INTARIAN_PEPPER_ROOT,12064.0,9.0,12061.0,19.0,,,12078.0,9.0,12081.0,19.0,,,12071.0,0.0
0,71100,INTARIAN_PEPPER_ROOT,12065.0,9.0,,,,,12078.0,9.0,,,,,12071.5,0.0
0,71200,INTARIAN_PEPPER_ROOT,12065.0,12.0,,,,,12078.0,12.0,12081.0,18.0,,,12071.5,0.0
0,71300,INTARIAN_PEPPER_ROOT,12065.0,12.0,12062.0,17.0,,,,,,,,,12065.0,0.0
0,71400,INTARIAN_PEPPER_ROOT,12065.0,9.0,12062.0,19.0,,,12078.0,9.0,,,,,12071.5,0.0
0,71500,INTARIAN_PEPPER_ROOT,12065.0,11.0,12062.0,18.0,,,12078.0,11.0,12081.0,18.0,,,12071.5,0.0
0,71600,INTARIAN_PEPPER_ROOT,12065.0,9.0,12062.0,24.0,,,12078.0,9.0,12081.0,24.0,,,12071.5,0.0
0,71700,INTARIAN_PEPPER_ROOT,12065.0,10.0,12062.0,19.0,,,,,,,,,12065.0,0.0
0,71800,INTARIAN_PEPPER_ROOT,12065.0,11.0,12062.0,23.0,,,12078.0,11.0,12081.0,23.0,,,12071.5,0.0
0,71900,INTARIAN_PEPPER_ROOT,12065.0,10.0,,,,,12078.0,10.0,12081.0,15.0,,,12071.5,0.0
0,72000,INTARIAN_PEPPER_ROOT,12062.0,21.0,,,,,12082.0,21.0,,,,,12072.0,0.0
0,72100,INTARIAN_PEPPER_ROOT,12066.0,9.0,12063.0,23.0,,,12079.0,9.0,12082.0,23.0,,,12072.5,0.0
0,72200,INTARIAN_PEPPER_ROOT,12066.0,9.0,,,,,12079.0,9.0,,,,,12072.5,0.0
0,72300,INTARIAN_PEPPER_ROOT,12063.0,15.0,,,,,12079.0,8.0,12082.0,15.0,,,12071.0,0.0
0,72400,INTARIAN_PEPPER_ROOT,12066.0,12.0,12063.0,17.0,,,12079.0,12.0,12082.0,17.0,,,12072.5,0.0
0,72500,INTARIAN_PEPPER_ROOT,12066.0,9.0,12063.0,21.0,,,12079.0,9.0,12082.0,21.0,,,12072.5,0.0
0,72600,INTARIAN_PEPPER_ROOT,12066.0,8.0,12063.0,16.0,,,12079.0,8.0,12082.0,16.0,,,12072.5,0.0
0,72700,INTARIAN_PEPPER_ROOT,12066.0,9.0,12063.0,25.0,,,12079.0,9.0,12082.0,25.0,,,12072.5,0.0
0,72800,INTARIAN_PEPPER_ROOT,12066.0,12.0,12063.0,20.0,,,12079.0,12.0,12082.0,20.0,,,12072.5,0.0
0,72900,INTARIAN_PEPPER_ROOT,12066.0,11.0,12063.0,20.0,,,12082.0,20.0,,,,,12074.0,0.0
0,73000,INTARIAN_PEPPER_ROOT,,,,,,,12080.0,8.0,,,,,12080.0,0.0
0,73100,INTARIAN_PEPPER_ROOT,12067.0,12.0,12064.0,17.0,,,12083.0,17.0,,,,,12075.0,0.0
0,73200,INTARIAN_PEPPER_ROOT,12067.0,9.0,,,,,12080.0,9.0,12083.0,17.0,,,12073.5,0.0
0,73300,INTARIAN_PEPPER_ROOT,12067.0,11.0,12064.0,24.0,,,12075.0,10.0,,,,,12071.0,0.0
0,73400,INTARIAN_PEPPER_ROOT,12067.0,10.0,12064.0,25.0,,,12083.0,25.0,,,,,12075.0,0.0
0,73500,INTARIAN_PEPPER_ROOT,12067.0,11.0,12064.0,25.0,,,12080.0,11.0,12083.0,25.0,,,12073.5,0.0
0,73600,INTARIAN_PEPPER_ROOT,12067.0,12.0,12064.0,17.0,,,12080.0,12.0,,,,,12073.5,0.0
0,73700,INTARIAN_PEPPER_ROOT,12067.0,11.0,12064.0,22.0,,,12080.0,11.0,12083.0,22.0,,,12073.5,0.0
0,73800,INTARIAN_PEPPER_ROOT,12067.0,8.0,12064.0,24.0,,,12080.0,8.0,12083.0,24.0,,,12073.5,0.0
0,73900,INTARIAN_PEPPER_ROOT,12064.0,22.0,,,,,12083.0,22.0,,,,,12073.5,0.0
0,74000,INTARIAN_PEPPER_ROOT,12067.0,11.0,12064.0,24.0,,,12081.0,11.0,12084.0,24.0,,,12074.0,0.0
0,74100,INTARIAN_PEPPER_ROOT,12068.0,11.0,12065.0,22.0,,,,,,,,,12068.0,0.0
0,74200,INTARIAN_PEPPER_ROOT,12068.0,11.0,,,,,12081.0,11.0,12084.0,18.0,,,12074.5,0.0
0,74300,INTARIAN_PEPPER_ROOT,12068.0,10.0,12065.0,25.0,,,12084.0,25.0,,,,,12076.0,0.0
0,74400,INTARIAN_PEPPER_ROOT,12068.0,10.0,12065.0,22.0,,,12081.0,10.0,12084.0,22.0,,,12074.5,0.0
0,74500,INTARIAN_PEPPER_ROOT,,,,,,,12081.0,12.0,12084.0,18.0,,,12081.0,0.0
0,74600,INTARIAN_PEPPER_ROOT,12068.0,11.0,12065.0,21.0,,,12081.0,11.0,12084.0,21.0,,,12074.5,0.0
0,74700,INTARIAN_PEPPER_ROOT,12068.0,12.0,,,,,12081.0,12.0,12084.0,17.0,,,12074.5,0.0
0,74800,INTARIAN_PEPPER_ROOT,12065.0,15.0,,,,,12081.0,11.0,12084.0,15.0,,,12073.0,0.0
0,74900,INTARIAN_PEPPER_ROOT,12068.0,12.0,12065.0,21.0,,,12084.0,21.0,,,,,12076.0,0.0
0,75000,INTARIAN_PEPPER_ROOT,12068.0,10.0,12065.0,22.0,,,12082.0,10.0,12085.0,22.0,,,12075.0,0.0
0,75100,INTARIAN_PEPPER_ROOT,12069.0,8.0,12066.0,23.0,,,12085.0,23.0,,,,,12077.0,0.0
0,75200,INTARIAN_PEPPER_ROOT,12069.0,8.0,12066.0,21.0,,,12082.0,8.0,12085.0,21.0,,,12075.5,0.0
0,75300,INTARIAN_PEPPER_ROOT,12069.0,9.0,12066.0,20.0,,,12085.0,20.0,,,,,12077.0,0.0
0,75400,INTARIAN_PEPPER_ROOT,12069.0,12.0,12066.0,17.0,,,12082.0,12.0,12085.0,17.0,,,12075.5,0.0
0,75500,INTARIAN_PEPPER_ROOT,12079.0,6.0,12069.0,8.0,12066.0,18.0,12082.0,8.0,12085.0,18.0,,,12080.5,0.0
0,75600,INTARIAN_PEPPER_ROOT,12066.0,22.0,,,,,12082.0,11.0,,,,,12074.0,0.0
0,75700,INTARIAN_PEPPER_ROOT,12069.0,12.0,12066.0,16.0,,,12082.0,12.0,12085.0,16.0,,,12075.5,0.0
0,75800,INTARIAN_PEPPER_ROOT,12069.0,12.0,12066.0,20.0,,,12072.0,3.0,12082.0,12.0,12085.0,20.0,12070.5,0.0
0,75900,INTARIAN_PEPPER_ROOT,12069.0,9.0,12066.0,19.0,,,,,,,,,12069.0,0.0
0,76000,INTARIAN_PEPPER_ROOT,12069.0,9.0,12066.0,16.0,,,12083.0,9.0,12086.0,16.0,,,12076.0,0.0
0,76100,INTARIAN_PEPPER_ROOT,12070.0,10.0,12067.0,21.0,,,12083.0,10.0,12086.0,21.0,,,12076.5,0.0
0,76200,INTARIAN_PEPPER_ROOT,12067.0,18.0,,,,,12083.0,8.0,12086.0,18.0,,,12075.0,0.0
0,76300,INTARIAN_PEPPER_ROOT,12070.0,9.0,12067.0,23.0,,,12083.0,9.0,12086.0,23.0,,,12076.5,0.0
0,76400,INTARIAN_PEPPER_ROOT,12070.0,9.0,12067.0,23.0,,,12083.0,9.0,,,,,12076.5,0.0
0,76500,INTARIAN_PEPPER_ROOT,12067.0,18.0,,,,,12086.0,18.0,,,,,12076.5,0.0
0,76600,INTARIAN_PEPPER_ROOT,12070.0,10.0,12067.0,20.0,,,12083.0,10.0,12086.0,20.0,,,12076.5,0.0
0,76700,INTARIAN_PEPPER_ROOT,12070.0,12.0,,,,,12083.0,12.0,12086.0,24.0,,,12076.5,0.0
0,76800,INTARIAN_PEPPER_ROOT,12070.0,11.0,,,,,12083.0,11.0,12086.0,25.0,,,12076.5,0.0
0,76900,INTARIAN_PEPPER_ROOT,12067.0,21.0,,,,,12083.0,8.0,12086.0,21.0,,,12075.0,0.0
0,77000,INTARIAN_PEPPER_ROOT,12067.0,25.0,,,,,,,,,,,12067.0,0.0
0,77100,INTARIAN_PEPPER_ROOT,12071.0,10.0,12068.0,15.0,,,12084.0,10.0,,,,,12077.5,0.0
0,77200,INTARIAN_PEPPER_ROOT,12071.0,10.0,12068.0,21.0,,,12084.0,10.0,12087.0,21.0,,,12077.5,0.0
0,77300,INTARIAN_PEPPER_ROOT,12071.0,12.0,12068.0,20.0,,,12084.0,12.0,,,,,12077.5,0.0
0,77400,INTARIAN_PEPPER_ROOT,12071.0,11.0,12068.0,20.0,,,12087.0,20.0,,,,,12079.0,0.0
0,77500,INTARIAN_PEPPER_ROOT,12071.0,11.0,,,,,12084.0,11.0,12087.0,19.0,,,12077.5,0.0
0,77600,INTARIAN_PEPPER_ROOT,12071.0,9.0,12068.0,21.0,,,12084.0,9.0,,,,,12077.5,0.0
0,77700,INTARIAN_PEPPER_ROOT,12071.0,10.0,12068.0,23.0,,,12084.0,10.0,12087.0,23.0,,,12077.5,0.0
0,77800,INTARIAN_PEPPER_ROOT,12071.0,10.0,12068.0,18.0,,,12084.0,10.0,12087.0,18.0,,,12077.5,0.0
0,77900,INTARIAN_PEPPER_ROOT,12071.0,11.0,12068.0,19.0,,,12087.0,19.0,,,,,12079.0,0.0
0,78000,INTARIAN_PEPPER_ROOT,12071.0,10.0,12068.0,17.0,,,12085.0,10.0,12088.0,17.0,,,12078.0,0.0
0,78100,INTARIAN_PEPPER_ROOT,12072.0,8.0,12069.0,16.0,,,12085.0,8.0,12088.0,16.0,,,12078.5,0.0
0,78200,INTARIAN_PEPPER_ROOT,12072.0,9.0,,,,,12085.0,9.0,12088.0,15.0,,,12078.5,0.0
0,78300,INTARIAN_PEPPER_ROOT,12072.0,11.0,12069.0,20.0,,,12085.0,11.0,12088.0,20.0,,,12078.5,0.0
0,78400,INTARIAN_PEPPER_ROOT,12072.0,10.0,12069.0,15.0,,,,,,,,,12072.0,0.0
0,78500,INTARIAN_PEPPER_ROOT,12069.0,19.0,,,,,12085.0,8.0,,,,,12077.0,0.0
0,78600,INTARIAN_PEPPER_ROOT,12072.0,10.0,,,,,12085.0,10.0,12088.0,24.0,,,12078.5,0.0
0,78700,INTARIAN_PEPPER_ROOT,,,,,,,12085.0,8.0,12088.0,25.0,,,12085.0,0.0
0,78800,INTARIAN_PEPPER_ROOT,12072.0,11.0,12069.0,16.0,,,12085.0,11.0,12088.0,16.0,,,12078.5,0.0
0,78900,INTARIAN_PEPPER_ROOT,12072.0,8.0,,,,,12085.0,8.0,12088.0,16.0,,,12078.5,0.0
0,79000,INTARIAN_PEPPER_ROOT,12072.0,10.0,12069.0,24.0,,,12086.0,10.0,12089.0,24.0,,,12079.0,0.0
0,79100,INTARIAN_PEPPER_ROOT,12073.0,11.0,,,,,12086.0,11.0,12089.0,15.0,,,12079.5,0.0
0,79200,INTARIAN_PEPPER_ROOT,,,,,,,12086.0,8.0,,,,,12086.0,0.0
0,79300,INTARIAN_PEPPER_ROOT,12073.0,9.0,12070.0,18.0,,,12089.0,18.0,,,,,12081.0,0.0
0,79400,INTARIAN_PEPPER_ROOT,12073.0,8.0,,,,,12086.0,8.0,12089.0,23.0,,,12079.5,0.0
0,79500,INTARIAN_PEPPER_ROOT,12073.0,12.0,,,,,12086.0,12.0,12089.0,21.0,,,12079.5,0.0
0,79600,INTARIAN_PEPPER_ROOT,12073.0,12.0,,,,,12086.0,12.0,12089.0,22.0,,,12079.5,0.0
0,79700,INTARIAN_PEPPER_ROOT,12070.0,18.0,,,,,,,,,,,12070.0,0.0
0,79800,INTARIAN_PEPPER_ROOT,12073.0,8.0,,,,,12076.0,6.0,12086.0,8.0,12089.0,16.0,12074.5,0.0
0,79900,INTARIAN_PEPPER_ROOT,12073.0,10.0,12070.0,23.0,,,12089.0,23.0,,,,,12081.0,0.0
0,80000,INTARIAN_PEPPER_ROOT,12073.0,9.0,,,,,12087.0,9.0,12090.0,15.0,,,12080.0,0.0
0,80100,INTARIAN_PEPPER_ROOT,12074.0,9.0,12071.0,24.0,,,12087.0,9.0,12090.0,24.0,,,12080.5,0.0
0,80200,INTARIAN_PEPPER_ROOT,12071.0,20.0,,,,,12087.0,8.0,12090.0,20.0,,,12079.0,0.0
0,80300,INTARIAN_PEPPER_ROOT,12074.0,8.0,12071.0,20.0,,,12082.0,5.0,12087.0,8.0,12090.0,20.0,12078.0,0.0
0,80400,INTARIAN_PEPPER_ROOT,12074.0,11.0,12071.0,17.0,,,12090.0,17.0,,,,,12082.0,0.0
0,80500,INTARIAN_PEPPER_ROOT,12074.0,9.0,12071.0,24.0,,,12087.0,9.0,12090.0,24.0,,,12080.5,0.0
0,80600,INTARIAN_PEPPER_ROOT,12074.0,11.0,12071.0,19.0,,,12087.0,11.0,,,,,12080.5,0.0
0,80700,INTARIAN_PEPPER_ROOT,12074.0,9.0,12071.0,16.0,,,12090.0,16.0,,,,,12082.0,0.0
0,80800,INTARIAN_PEPPER_ROOT,12074.0,10.0,12071.0,15.0,,,12087.0,10.0,12090.0,15.0,,,12080.5,0.0
0,80900,INTARIAN_PEPPER_ROOT,12074.0,11.0,12071.0,25.0,,,12087.0,11.0,12090.0,25.0,,,12080.5,0.0
0,81000,INTARIAN_PEPPER_ROOT,12074.0,11.0,12071.0,25.0,,,12091.0,25.0,,,,,12082.5,0.0
0,81100,INTARIAN_PEPPER_ROOT,12072.0,20.0,,,,,12088.0,9.0,12091.0,20.0,,,12080.0,0.0
0,81200,INTARIAN_PEPPER_ROOT,12075.0,11.0,12072.0,20.0,,,12088.0,11.0,12091.0,20.0,,,12081.5,0.0
0,81300,INTARIAN_PEPPER_ROOT,12075.0,10.0,12072.0,24.0,,,12088.0,10.0,12091.0,24.0,,,12081.5,0.0
0,81400,INTARIAN_PEPPER_ROOT,12075.0,10.0,12072.0,21.0,,,12088.0,10.0,12091.0,21.0,,,12081.5,0.0
0,81500,INTARIAN_PEPPER_ROOT,12072.0,17.0,,,,,12088.0,11.0,,,,,12080.0,0.0
0,81600,INTARIAN_PEPPER_ROOT,12072.0,16.0,,,,,12088.0,12.0,,,,,12080.0,0.0
0,81700,INTARIAN_PEPPER_ROOT,12075.0,12.0,12072.0,23.0,,,12088.0,12.0,12091.0,23.0,,,12081.5,0.0
0,81800,INTARIAN_PEPPER_ROOT,12075.0,8.0,12072.0,23.0,,,12088.0,8.0,12091.0,23.0,,,12081.5,0.0
0,81900,INTARIAN_PEPPER_ROOT,12072.0,25.0,,,,,12088.0,8.0,12091.0,25.0,,,12080.0,0.0
0,82000,INTARIAN_PEPPER_ROOT,12075.0,12.0,12072.0,25.0,,,12089.0,12.0,12092.0,25.0,,,12082.0,0.0
0,82100,INTARIAN_PEPPER_ROOT,12076.0,10.0,12073.0,20.0,,,12092.0,20.0,,,,,12084.0,0.0
0,82200,INTARIAN_PEPPER_ROOT,12076.0,8.0,12073.0,16.0,,,,,,,,,12076.0,0.0
0,82300,INTARIAN_PEPPER_ROOT,12076.0,9.0,12073.0,19.0,,,12089.0,9.0,12092.0,19.0,,,12082.5,0.0
0,82400,INTARIAN_PEPPER_ROOT,12073.0,16.0,,,,,12089.0,9.0,12092.0,16.0,,,12081.0,0.0
0,82500,INTARIAN_PEPPER_ROOT,12073.0,21.0,,,,,12092.0,21.0,,,,,12082.5,0.0
0,82600,INTARIAN_PEPPER_ROOT,12076.0,10.0,12073.0,19.0,,,12089.0,10.0,,,,,12082.5,0.0
0,82700,INTARIAN_PEPPER_ROOT,12073.0,20.0,,,,,12089.0,9.0,12092.0,20.0,,,12081.0,0.0
0,82800,INTARIAN_PEPPER_ROOT,12076.0,8.0,12073.0,24.0,,,12089.0,8.0,,,,,12082.5,0.0
0,82900,INTARIAN_PEPPER_ROOT,12076.0,8.0,12073.0,20.0,,,12089.0,8.0,12092.0,20.0,,,12082.5,0.0
0,83000,INTARIAN_PEPPER_ROOT,,,,,,,,,,,,,0.0,0.0
0,83100,INTARIAN_PEPPER_ROOT,12077.0,12.0,12074.0,17.0,,,12090.0,12.0,,,,,12083.5,0.0
0,83200,INTARIAN_PEPPER_ROOT,12077.0,10.0,12074.0,24.0,,,12093.0,24.0,,,,,12085.0,0.0
0,83300,INTARIAN_PEPPER_ROOT,12077.0,8.0,12074.0,15.0,,,12093.0,15.0,,,,,12085.0,0.0
0,83400,INTARIAN_PEPPER_ROOT,12077.0,8.0,12074.0,16.0,,,12090.0,8.0,12093.0,16.0,,,12083.5,0.0
0,83500,INTARIAN_PEPPER_ROOT,12077.0,12.0,,,,,12090.0,12.0,12093.0,15.0,,,12083.5,0.0
0,83600,INTARIAN_PEPPER_ROOT,12077.0,10.0,,,,,12090.0,10.0,,,,,12083.5,0.0
0,83700,INTARIAN_PEPPER_ROOT,12077.0,11.0,12074.0,18.0,,,12090.0,11.0,12093.0,18.0,,,12083.5,0.0
0,83800,INTARIAN_PEPPER_ROOT,12077.0,12.0,12074.0,25.0,,,,,,,,,12077.0,0.0
0,83900,INTARIAN_PEPPER_ROOT,12077.0,12.0,12074.0,23.0,,,12090.0,12.0,12093.0,23.0,,,12083.5,0.0
0,84000,INTARIAN_PEPPER_ROOT,12077.0,11.0,12074.0,16.0,,,12091.0,11.0,12094.0,16.0,,,12084.0,0.0
0,84100,INTARIAN_PEPPER_ROOT,,,,,,,12091.0,11.0,12094.0,22.0,,,12091.0,0.0
0,84200,INTARIAN_PEPPER_ROOT,,,,,,,12091.0,10.0,12094.0,21.0,,,12091.0,0.0
0,84300,INTARIAN_PEPPER_ROOT,12078.0,11.0,,,,,12091.0,11.0,12094.0,18.0,,,12084.5,0.0
0,84400,INTARIAN_PEPPER_ROOT,12078.0,9.0,12075.0,18.0,,,12091.0,9.0,,,,,12084.5,0.0
0,84500,INTARIAN_PEPPER_ROOT,12075.0,17.0,,,,,12091.0,10.0,12094.0,17.0,,,12083.0,0.0
0,84600,INTARIAN_PEPPER_ROOT,12078.0,10.0,12075.0,16.0,,,12091.0,10.0,12094.0,16.0,,,12084.5,0.0
0,84700,INTARIAN_PEPPER_ROOT,12078.0,8.0,12075.0,24.0,,,12091.0,8.0,,,,,12084.5,0.0
0,84800,INTARIAN_PEPPER_ROOT,12078.0,8.0,12075.0,23.0,,,12091.0,8.0,12094.0,23.0,,,12084.5,0.0
0,84900,INTARIAN_PEPPER_ROOT,12078.0,8.0,12075.0,22.0,,,12094.0,22.0,,,,,12086.0,0.0
0,85000,INTARIAN_PEPPER_ROOT,12075.0,18.0,,,,,12092.0,10.0,12095.0,18.0,,,12083.5,0.0
0,85100,INTARIAN_PEPPER_ROOT,12079.0,9.0,,,,,12092.0,9.0,12095.0,25.0,,,12085.5,0.0
0,85200,INTARIAN_PEPPER_ROOT,12079.0,9.0,12076.0,15.0,,,12092.0,9.0,12095.0,15.0,,,12085.5,0.0
0,85300,INTARIAN_PEPPER_ROOT,12088.0,6.0,12079.0,12.0,12076.0,17.0,12092.0,12.0,12095.0,17.0,,,12090.0,0.0
0,85400,INTARIAN_PEPPER_ROOT,12079.0,12.0,12076.0,22.0,,,12095.0,22.0,,,,,12087.0,0.0
0,85500,INTARIAN_PEPPER_ROOT,12076.0,15.0,,,,,12092.0,11.0,12095.0,15.0,,,12084.0,0.0
0,85600,INTARIAN_PEPPER_ROOT,12076.0,19.0,,,,,12092.0,10.0,12095.0,19.0,,,12084.0,0.0
0,85700,INTARIAN_PEPPER_ROOT,12079.0,12.0,12076.0,22.0,,,12092.0,12.0,,,,,12085.5,0.0
0,85800,INTARIAN_PEPPER_ROOT,12079.0,11.0,12076.0,24.0,,,12082.0,4.0,12092.0,11.0,,,12080.5,0.0
0,85900,INTARIAN_PEPPER_ROOT,12079.0,11.0,12076.0,23.0,,,12092.0,11.0,,,,,12085.5,0.0
0,86000,INTARIAN_PEPPER_ROOT,12079.0,9.0,,,,,12093.0,9.0,12096.0,17.0,,,12086.0,0.0
0,86100,INTARIAN_PEPPER_ROOT,12080.0,11.0,12077.0,20.0,,,12093.0,11.0,12096.0,20.0,,,12086.5,0.0
0,86200,INTARIAN_PEPPER_ROOT,12080.0,12.0,12077.0,15.0,,,12093.0,12.0,12096.0,15.0,,,12086.5,0.0
0,86300,INTARIAN_PEPPER_ROOT,12089.0,7.0,12080.0,9.0,,,12093.0,9.0,12096.0,17.0,,,12091.0,0.0
0,86400,INTARIAN_PEPPER_ROOT,12080.0,8.0,12077.0,15.0,,,12093.0,8.0,12096.0,15.0,,,12086.5,0.0
0,86500,INTARIAN_PEPPER_ROOT,12080.0,9.0,12077.0,20.0,,,12093.0,9.0,12096.0,20.0,,,12086.5,0.0
0,86600,INTARIAN_PEPPER_ROOT,12080.0,11.0,12077.0,24.0,,,12093.0,11.0,12096.0,24.0,,,12086.5,0.0
0,86700,INTARIAN_PEPPER_ROOT,12080.0,12.0,,,,,12093.0,12.0,,,,,12086.5,0.0
0,86800,INTARIAN_PEPPER_ROOT,12090.0,6.0,12080.0,10.0,12077.0,21.0,12093.0,10.0,12096.0,21.0,,,12091.5,0.0
0,86900,INTARIAN_PEPPER_ROOT,12080.0,11.0,12077.0,20.0,,,12093.0,11.0,,,,,12086.5,0.0
0,87000,INTARIAN_PEPPER_ROOT,12080.0,9.0,12077.0,23.0,,,,,,,,,12080.0,0.0
0,87100,INTARIAN_PEPPER_ROOT,12081.0,12.0,12078.0,24.0,,,12094.0,12.0,12097.0,24.0,,,12087.5,0.0
0,87200,INTARIAN_PEPPER_ROOT,12081.0,12.0,12078.0,15.0,,,12097.0,15.0,,,,,12089.0,0.0
0,87300,INTARIAN_PEPPER_ROOT,12081.0,8.0,12078.0,20.0,,,,,,,,,12081.0,0.0
0,87400,INTARIAN_PEPPER_ROOT,,,,,,,12094.0,10.0,12097.0,24.0,,,12094.0,0.0
0,87500,INTARIAN_PEPPER_ROOT,12081.0,10.0,12078.0,16.0,,,12097.0,16.0,,,,,12089.0,0.0
0,87600,INTARIAN_PEPPER_ROOT,12078.0,24.0,,,,,12094.0,8.0,12097.0,24.0,,,12086.0,0.0
0,87700,INTARIAN_PEPPER_ROOT,12081.0,10.0,12078.0,21.0,,,12094.0,10.0,12097.0,21.0,,,12087.5,0.0
0,87800,INTARIAN_PEPPER_ROOT,12081.0,8.0,12078.0,21.0,,,12094.0,8.0,,,,,12087.5,0.0
0,87900,INTARIAN_PEPPER_ROOT,12078.0,24.0,,,,,12094.0,9.0,12097.0,24.0,,,12086.0,0.0
0,88000,INTARIAN_PEPPER_ROOT,12078.0,24.0,,,,,12095.0,8.0,12098.0,24.0,,,12086.5,0.0
0,88100,INTARIAN_PEPPER_ROOT,12079.0,25.0,,,,,12095.0,10.0,12098.0,25.0,,,12087.0,0.0
0,88200,INTARIAN_PEPPER_ROOT,12082.0,10.0,12079.0,15.0,,,12095.0,10.0,,,,,12088.5,0.0
0,88300,INTARIAN_PEPPER_ROOT,12082.0,8.0,12079.0,23.0,,,12095.0,8.0,12098.0,23.0,,,12088.5,0.0
0,88400,INTARIAN_PEPPER_ROOT,12079.0,24.0,,,,,12098.0,24.0,,,,,12088.5,0.0
0,88500,INTARIAN_PEPPER_ROOT,12082.0,11.0,12079.0,21.0,,,12095.0,11.0,12098.0,21.0,,,12088.5,0.0
0,88600,INTARIAN_PEPPER_ROOT,12082.0,10.0,12079.0,15.0,,,12095.0,10.0,12098.0,15.0,,,12088.5,0.0
0,88700,INTARIAN_PEPPER_ROOT,12082.0,11.0,12079.0,18.0,,,12095.0,11.0,12098.0,18.0,,,12088.5,0.0
0,88800,INTARIAN_PEPPER_ROOT,12082.0,9.0,12079.0,17.0,,,12095.0,9.0,12098.0,17.0,,,12088.5,0.0
0,88900,INTARIAN_PEPPER_ROOT,,,,,,,12095.0,8.0,12098.0,20.0,,,12095.0,0.0
0,89000,INTARIAN_PEPPER_ROOT,12079.0,17.0,,,,,12096.0,10.0,12099.0,17.0,,,12087.5,0.0
0,89100,INTARIAN_PEPPER_ROOT,12083.0,8.0,12080.0,18.0,,,12096.0,8.0,12099.0,18.0,,,12089.5,0.0
0,89200,INTARIAN_PEPPER_ROOT,12083.0,8.0,12080.0,19.0,,,12096.0,8.0,12099.0,19.0,,,12089.5,0.0
0,89300,INTARIAN_PEPPER_ROOT,12092.0,5.0,12083.0,12.0,12080.0,22.0,12096.0,12.0,12099.0,22.0,,,12094.0,0.0
0,89400,INTARIAN_PEPPER_ROOT,12083.0,12.0,,,,,12096.0,12.0,12099.0,17.0,,,12089.5,0.0
0,89500,INTARIAN_PEPPER_ROOT,12083.0,10.0,12080.0,16.0,,,12096.0,10.0,,,,,12089.5,0.0
0,89600,INTARIAN_PEPPER_ROOT,12083.0,10.0,12080.0,20.0,,,12096.0,10.0,,,,,12089.5,0.0
0,89700,INTARIAN_PEPPER_ROOT,12083.0,11.0,12080.0,16.0,,,12096.0,11.0,12099.0,16.0,,,12089.5,0.0
0,89800,INTARIAN_PEPPER_ROOT,12083.0,10.0,,,,,12096.0,10.0,12099.0,20.0,,,12089.5,0.0
0,89900,INTARIAN_PEPPER_ROOT,12083.0,12.0,12080.0,25.0,,,12096.0,12.0,12099.0,25.0,,,12089.5,0.0
0,90000,INTARIAN_PEPPER_ROOT,12083.0,8.0,12080.0,21.0,,,12097.0,8.0,12100.0,21.0,,,12090.0,0.0
0,90100,INTARIAN_PEPPER_ROOT,12084.0,9.0,12081.0,23.0,,,12097.0,9.0,12100.0,23.0,,,12090.5,0.0
0,90200,INTARIAN_PEPPER_ROOT,12084.0,10.0,12081.0,15.0,,,12097.0,10.0,12100.0,15.0,,,12090.5,0.0
0,90300,INTARIAN_PEPPER_ROOT,12084.0,8.0,12081.0,22.0,,,12097.0,8.0,,,,,12090.5,0.0
0,90400,INTARIAN_PEPPER_ROOT,12084.0,12.0,12081.0,18.0,,,12097.0,12.0,12100.0,18.0,,,12090.5,0.0
0,90500,INTARIAN_PEPPER_ROOT,12084.0,8.0,12081.0,20.0,,,12097.0,8.0,12100.0,20.0,,,12090.5,0.0
0,90600,INTARIAN_PEPPER_ROOT,12084.0,9.0,12081.0,19.0,,,12097.0,9.0,12100.0,19.0,,,12090.5,0.0
0,90700,INTARIAN_PEPPER_ROOT,12084.0,12.0,,,,,,,,,,,12084.0,0.0
0,90800,INTARIAN_PEPPER_ROOT,12084.0,11.0,12081.0,20.0,,,12097.0,11.0,,,,,12090.5,0.0
0,90900,INTARIAN_PEPPER_ROOT,12084.0,10.0,12081.0,15.0,,,12097.0,10.0,12100.0,15.0,,,12090.5,0.0
0,91000,INTARIAN_PEPPER_ROOT,12084.0,9.0,,,,,12098.0,9.0,12101.0,19.0,,,12091.0,0.0
0,91100,INTARIAN_PEPPER_ROOT,12082.0,20.0,,,,,12098.0,9.0,,,,,12090.0,0.0
0,91200,INTARIAN_PEPPER_ROOT,12082.0,23.0,,,,,12098.0,12.0,12101.0,23.0,,,12090.0,0.0
0,91300,INTARIAN_PEPPER_ROOT,12085.0,11.0,12082.0,16.0,,,12098.0,11.0,12101.0,16.0,,,12091.5,0.0
0,91400,INTARIAN_PEPPER_ROOT,12082.0,15.0,,,,,12101.0,15.0,,,,,12091.5,0.0
0,91500,INTARIAN_PEPPER_ROOT,12085.0,12.0,12082.0,24.0,,,12098.0,12.0,12101.0,24.0,,,12091.5,0.0
0,91600,INTARIAN_PEPPER_ROOT,12085.0,8.0,12082.0,18.0,,,12094.0,11.0,12098.0,8.0,12101.0,18.0,12089.5,0.0
0,91700,INTARIAN_PEPPER_ROOT,12082.0,25.0,,,,,12098.0,8.0,,,,,12090.0,0.0
0,91800,INTARIAN_PEPPER_ROOT,12085.0,12.0,12082.0,17.0,,,12098.0,12.0,12101.0,17.0,,,12091.5,0.0
0,91900,INTARIAN_PEPPER_ROOT,12085.0,11.0,,,,,12098.0,11.0,12101.0,17.0,,,12091.5,0.0
0,92000,INTARIAN_PEPPER_ROOT,12085.0,8.0,12082.0,24.0,,,12102.0,24.0,,,,,12093.5,0.0
0,92100,INTARIAN_PEPPER_ROOT,12086.0,9.0,12083.0,24.0,,,12102.0,24.0,,,,,12094.0,0.0
0,92200,INTARIAN_PEPPER_ROOT,12083.0,19.0,,,,,12102.0,19.0,,,,,12092.5,0.0
0,92300,INTARIAN_PEPPER_ROOT,12086.0,12.0,12083.0,15.0,,,12099.0,12.0,12102.0,15.0,,,12092.5,0.0
0,92400,INTARIAN_PEPPER_ROOT,12086.0,8.0,12083.0,22.0,,,12099.0,8.0,,,,,12092.5,0.0
0,92500,INTARIAN_PEPPER_ROOT,12086.0,9.0,12083.0,16.0,,,12099.0,9.0,12102.0,16.0,,,12092.5,0.0
0,92600,INTARIAN_PEPPER_ROOT,12096.0,5.0,12083.0,16.0,,,12099.0,12.0,12102.0,16.0,,,12097.5,0.0
0,92700,INTARIAN_PEPPER_ROOT,12086.0,8.0,,,,,12099.0,8.0,12102.0,24.0,,,12092.5,0.0
0,92800,INTARIAN_PEPPER_ROOT,12083.0,18.0,,,,,12099.0,8.0,12102.0,18.0,,,12091.0,0.0
0,92900,INTARIAN_PEPPER_ROOT,12086.0,9.0,12083.0,20.0,,,12099.0,9.0,12102.0,20.0,,,12092.5,0.0
0,93000,INTARIAN_PEPPER_ROOT,12086.0,10.0,,,,,12103.0,17.0,,,,,12094.5,0.0
0,93100,INTARIAN_PEPPER_ROOT,12087.0,8.0,12084.0,22.0,,,12100.0,8.0,,,,,12093.5,0.0
0,93200,INTARIAN_PEPPER_ROOT,12087.0,10.0,,,,,12100.0,10.0,12103.0,24.0,,,12093.5,0.0
0,93300,INTARIAN_PEPPER_ROOT,12087.0,9.0,12084.0,22.0,,,12100.0,9.0,12103.0,22.0,,,12093.5,0.0
0,93400,INTARIAN_PEPPER_ROOT,12087.0,8.0,12084.0,22.0,,,12103.0,22.0,,,,,12095.0,0.0
0,93500,INTARIAN_PEPPER_ROOT,12087.0,8.0,12084.0,24.0,,,12100.0,8.0,12103.0,24.0,,,12093.5,0.0
0,93600,INTARIAN_PEPPER_ROOT,12087.0,9.0,12084.0,15.0,,,12100.0,9.0,12103.0,15.0,,,12093.5,0.0
0,93700,INTARIAN_PEPPER_ROOT,12087.0,12.0,12084.0,24.0,,,12103.0,24.0,,,,,12095.0,0.0
0,93800,INTARIAN_PEPPER_ROOT,12087.0,11.0,12084.0,15.0,,,12100.0,11.0,12103.0,15.0,,,12093.5,0.0
0,93900,INTARIAN_PEPPER_ROOT,12087.0,8.0,12084.0,25.0,,,12103.0,25.0,,,,,12095.0,0.0
0,94000,INTARIAN_PEPPER_ROOT,12087.0,9.0,12084.0,15.0,,,,,,,,,12087.0,0.0
0,94100,INTARIAN_PEPPER_ROOT,12088.0,12.0,12085.0,20.0,,,12101.0,12.0,12104.0,20.0,,,12094.5,0.0
0,94200,INTARIAN_PEPPER_ROOT,12088.0,10.0,12085.0,19.0,,,12101.0,10.0,12104.0,19.0,,,12094.5,0.0
0,94300,INTARIAN_PEPPER_ROOT,12088.0,10.0,,,,,12101.0,10.0,12104.0,25.0,,,12094.5,0.0
0,94400,INTARIAN_PEPPER_ROOT,12088.0,9.0,,,,,12101.0,9.0,,,,,12094.5,0.0
0,94500,INTARIAN_PEPPER_ROOT,12088.0,12.0,12085.0,19.0,,,12101.0,12.0,,,,,12094.5,0.0
0,94600,INTARIAN_PEPPER_ROOT,12088.0,11.0,12085.0,22.0,,,12101.0,11.0,12104.0,22.0,,,12094.5,0.0
0,94700,INTARIAN_PEPPER_ROOT,12088.0,11.0,12085.0,20.0,,,12101.0,11.0,12104.0,20.0,,,12094.5,0.0
0,94800,INTARIAN_PEPPER_ROOT,12088.0,10.0,12085.0,23.0,,,12101.0,10.0,12104.0,23.0,,,12094.5,0.0
0,94900,INTARIAN_PEPPER_ROOT,12085.0,20.0,,,,,12104.0,20.0,,,,,12094.5,0.0
0,95000,INTARIAN_PEPPER_ROOT,12088.0,8.0,,,,,12102.0,8.0,12105.0,21.0,,,12095.0,0.0
0,95100,INTARIAN_PEPPER_ROOT,,,,,,,12105.0,25.0,,,,,12105.0,0.0
0,95200,INTARIAN_PEPPER_ROOT,12089.0,12.0,12086.0,25.0,,,12102.0,12.0,12105.0,25.0,,,12095.5,0.0
0,95300,INTARIAN_PEPPER_ROOT,12089.0,8.0,12086.0,20.0,,,12102.0,8.0,12105.0,20.0,,,12095.5,0.0
0,95400,INTARIAN_PEPPER_ROOT,12089.0,10.0,12086.0,18.0,,,12105.0,18.0,,,,,12097.0,0.0
0,95500,INTARIAN_PEPPER_ROOT,12089.0,11.0,,,,,12105.0,16.0,,,,,12097.0,0.0
0,95600,INTARIAN_PEPPER_ROOT,12089.0,11.0,12086.0,19.0,,,12102.0,11.0,12105.0,19.0,,,12095.5,0.0
0,95700,INTARIAN_PEPPER_ROOT,12089.0,9.0,12086.0,15.0,,,12102.0,9.0,12105.0,15.0,,,12095.5,0.0
0,95800,INTARIAN_PEPPER_ROOT,12089.0,8.0,12086.0,20.0,,,12102.0,8.0,12105.0,20.0,,,12095.5,0.0
0,95900,INTARIAN_PEPPER_ROOT,12089.0,12.0,,,,,12102.0,12.0,12105.0,15.0,,,12095.5,0.0
0,96000,INTARIAN_PEPPER_ROOT,12089.0,12.0,,,,,12103.0,12.0,12106.0,17.0,,,12096.0,0.0
0,96100,INTARIAN_PEPPER_ROOT,12090.0,10.0,,,,,12106.0,24.0,,,,,12098.0,0.0
0,96200,INTARIAN_PEPPER_ROOT,12090.0,9.0,12087.0,16.0,,,12103.0,9.0,12106.0,16.0,,,12096.5,0.0
0,96300,INTARIAN_PEPPER_ROOT,12090.0,10.0,12087.0,16.0,,,12103.0,10.0,12106.0,16.0,,,12096.5,0.0
0,96400,INTARIAN_PEPPER_ROOT,12090.0,10.0,12087.0,25.0,,,12103.0,10.0,12106.0,25.0,,,12096.5,0.0
0,96500,INTARIAN_PEPPER_ROOT,12090.0,12.0,12087.0,21.0,,,12106.0,21.0,,,,,12098.0,0.0
0,96600,INTARIAN_PEPPER_ROOT,12090.0,9.0,12087.0,16.0,,,12103.0,9.0,,,,,12096.5,0.0
0,96700,INTARIAN_PEPPER_ROOT,12090.0,10.0,12087.0,23.0,,,12099.0,6.0,12106.0,23.0,,,12094.5,0.0
0,96800,INTARIAN_PEPPER_ROOT,12087.0,15.0,,,,,12103.0,9.0,12106.0,15.0,,,12095.0,0.0
0,96900,INTARIAN_PEPPER_ROOT,12090.0,11.0,12087.0,24.0,,,12103.0,11.0,,,,,12096.5,0.0
0,97000,INTARIAN_PEPPER_ROOT,12090.0,8.0,12087.0,20.0,,,12107.0,20.0,,,,,12098.5,0.0
0,97100,INTARIAN_PEPPER_ROOT,12091.0,9.0,12088.0,16.0,,,12104.0,9.0,12107.0,16.0,,,12097.5,0.0
0,97200,INTARIAN_PEPPER_ROOT,12091.0,12.0,12088.0,17.0,,,12107.0,17.0,,,,,12099.0,0.0
0,97300,INTARIAN_PEPPER_ROOT,12091.0,12.0,12088.0,24.0,,,12104.0,12.0,12107.0,24.0,,,12097.5,0.0
0,97400,INTARIAN_PEPPER_ROOT,12091.0,10.0,,,,,12104.0,10.0,12107.0,19.0,,,12097.5,0.0
0,97500,INTARIAN_PEPPER_ROOT,12088.0,20.0,,,,,12107.0,20.0,,,,,12097.5,0.0
0,97600,INTARIAN_PEPPER_ROOT,12088.0,24.0,,,,,12104.0,10.0,12107.0,24.0,,,12096.0,0.0
0,97700,INTARIAN_PEPPER_ROOT,12091.0,10.0,12088.0,20.0,,,12104.0,10.0,12107.0,20.0,,,12097.5,0.0
0,97800,INTARIAN_PEPPER_ROOT,12091.0,11.0,12088.0,17.0,,,12104.0,11.0,12107.0,17.0,,,12097.5,0.0
0,97900,INTARIAN_PEPPER_ROOT,12088.0,23.0,,,,,12104.0,9.0,12107.0,23.0,,,12096.0,0.0
0,98000,INTARIAN_PEPPER_ROOT,12091.0,10.0,12088.0,18.0,,,12105.0,10.0,12108.0,18.0,,,12098.0,0.0
0,98100,INTARIAN_PEPPER_ROOT,12092.0,8.0,12089.0,15.0,,,12105.0,8.0,,,,,12098.5,0.0
0,98200,INTARIAN_PEPPER_ROOT,12092.0,9.0,12089.0,25.0,,,12105.0,9.0,12108.0,25.0,,,12098.5,0.0
0,98300,INTARIAN_PEPPER_ROOT,12089.0,21.0,,,,,12105.0,9.0,12108.0,21.0,,,12097.0,0.0
0,98400,INTARIAN_PEPPER_ROOT,12092.0,9.0,12089.0,20.0,,,12105.0,9.0,,,,,12098.5,0.0
0,98500,INTARIAN_PEPPER_ROOT,12092.0,10.0,12089.0,19.0,,,12105.0,10.0,12108.0,19.0,,,12098.5,0.0
0,98600,INTARIAN_PEPPER_ROOT,,,,,,,12108.0,25.0,,,,,12108.0,0.0
0,98700,INTARIAN_PEPPER_ROOT,12092.0,10.0,12089.0,21.0,,,12105.0,10.0,12108.0,21.0,,,12098.5,0.0
0,98800,INTARIAN_PEPPER_ROOT,12092.0,10.0,12089.0,18.0,,,12105.0,10.0,12108.0,18.0,,,12098.5,0.0
0,98900,INTARIAN_PEPPER_ROOT,12092.0,9.0,12089.0,24.0,,,12108.0,24.0,,,,,12100.0,0.0
0,99000,INTARIAN_PEPPER_ROOT,12092.0,8.0,12089.0,18.0,,,12106.0,8.0,,,,,12099.0,0.0
0,99100,INTARIAN_PEPPER_ROOT,12093.0,11.0,12090.0,17.0,,,12106.0,11.0,12109.0,17.0,,,12099.5,0.0
0,99200,INTARIAN_PEPPER_ROOT,12093.0,10.0,12090.0,18.0,,,,,,,,,12093.0,0.0
0,99300,INTARIAN_PEPPER_ROOT,12093.0,11.0,,,,,12106.0,11.0,12109.0,16.0,,,12099.5,0.0
0,99400,INTARIAN_PEPPER_ROOT,12093.0,11.0,,,,,12109.0,25.0,,,,,12101.0,0.0
0,99500,INTARIAN_PEPPER_ROOT,12090.0,24.0,,,,,12109.0,24.0,,,,,12099.5,0.0
0,99600,INTARIAN_PEPPER_ROOT,12093.0,11.0,12090.0,25.0,,,12106.0,11.0,12109.0,25.0,,,12099.5,0.0
0,99700,INTARIAN_PEPPER_ROOT,12093.0,10.0,12090.0,23.0,,,12106.0,10.0,12109.0,23.0,,,12099.5,0.0
0,99800,INTARIAN_PEPPER_ROOT,12093.0,9.0,12090.0,20.0,,,12109.0,20.0,,,,,12101.0,0.0
0,99900,INTARIAN_PEPPER_ROOT,12093.0,12.0,12090.0,17.0,,,12106.0,12.0,12109.0,17.0,,,12099.5,0.0
0,100000,INTARIAN_PEPPER_ROOT,12103.0,4.0,12093.0,10.0,12090.0,17.0,12107.0,10.0,12110.0,17.0,,,12105.0,0.0
0,100100,INTARIAN_PEPPER_ROOT,12094.0,10.0,12091.0,15.0,,,12107.0,10.0,12110.0,15.0,,,12100.5,0.0
0,100200,INTARIAN_PEPPER_ROOT,,,,,,,12107.0,8.0,12110.0,18.0,,,12107.0,0.0
0,100300,INTARIAN_PEPPER_ROOT,12091.0,15.0,,,,,12110.0,15.0,,,,,12100.5,0.0
0,100400,INTARIAN_PEPPER_ROOT,12091.0,18.0,,,,,12107.0,8.0,,,,,12099.0,0.0
0,100500,INTARIAN_PEPPER_ROOT,12094.0,12.0,12091.0,19.0,,,12107.0,12.0,12110.0,19.0,,,12100.5,0.0
0,100600,INTARIAN_PEPPER_ROOT,12094.0,8.0,,,,,12107.0,8.0,12110.0,16.0,,,12100.5,0.0
0,100700,INTARIAN_PEPPER_ROOT,12094.0,11.0,12091.0,20.0,,,12107.0,11.0,12110.0,20.0,,,12100.5,0.0
0,100800,INTARIAN_PEPPER_ROOT,12091.0,23.0,,,,,12107.0,10.0,12110.0,23.0,,,12099.0,0.0
0,100900,INTARIAN_PEPPER_ROOT,12094.0,10.0,12091.0,22.0,,,12107.0,10.0,12110.0,22.0,,,12100.5,0.0
0,101000,INTARIAN_PEPPER_ROOT,,,,,,,12108.0,11.0,12111.0,20.0,,,12108.0,0.0
0,101100,INTARIAN_PEPPER_ROOT,12095.0,8.0,12092.0,16.0,,,12108.0,8.0,12111.0,16.0,,,12101.5,0.0
0,101200,INTARIAN_PEPPER_ROOT,12092.0,20.0,,,,,12108.0,11.0,12111.0,20.0,,,12100.0,0.0
0,101300,INTARIAN_PEPPER_ROOT,12092.0,17.0,,,,,12108.0,8.0,12111.0,17.0,,,12100.0,0.0
0,101400,INTARIAN_PEPPER_ROOT,12095.0,12.0,12092.0,16.0,,,12111.0,16.0,,,,,12103.0,0.0
0,101500,INTARIAN_PEPPER_ROOT,12095.0,9.0,12092.0,19.0,,,12108.0,9.0,,,,,12101.5,0.0
0,101600,INTARIAN_PEPPER_ROOT,12095.0,10.0,12092.0,25.0,,,12108.0,10.0,,,,,12101.5,0.0
0,101700,INTARIAN_PEPPER_ROOT,12095.0,11.0,12092.0,18.0,,,,,,,,,12095.0,0.0
0,101800,INTARIAN_PEPPER_ROOT,12105.0,4.0,12095.0,8.0,12092.0,15.0,12108.0,8.0,12111.0,15.0,,,12106.5,0.0
0,101900,INTARIAN_PEPPER_ROOT,12095.0,9.0,12092.0,25.0,,,12108.0,9.0,12111.0,25.0,,,12101.5,0.0
0,102000,INTARIAN_PEPPER_ROOT,12092.0,17.0,,,,,12109.0,9.0,,,,,12100.5,0.0
0,102100,INTARIAN_PEPPER_ROOT,12096.0,10.0,12093.0,21.0,,,,,,,,,12096.0,0.0
0,102200,INTARIAN_PEPPER_ROOT,12096.0,9.0,12093.0,15.0,,,12109.0,9.0,,,,,12102.5,0.0
0,102300,INTARIAN_PEPPER_ROOT,12096.0,8.0,,,,,12109.0,8.0,12112.0,16.0,,,12102.5,0.0
0,102400,INTARIAN_PEPPER_ROOT,12096.0,10.0,12093.0,19.0,,,12109.0,10.0,12112.0,19.0,,,12102.5,0.0
0,102500,INTARIAN_PEPPER_ROOT,12096.0,12.0,12093.0,20.0,,,12109.0,12.0,12112.0,20.0,,,12102.5,0.0
0,102600,INTARIAN_PEPPER_ROOT,12096.0,10.0,,,,,12098.0,4.0,12109.0,10.0,12112.0,16.0,12097.0,0.0
0,102700,INTARIAN_PEPPER_ROOT,12096.0,12.0,12093.0,23.0,,,12109.0,12.0,,,,,12102.5,0.0
0,102800,INTARIAN_PEPPER_ROOT,12096.0,11.0,,,,,12109.0,11.0,12112.0,18.0,,,12102.5,0.0
0,102900,INTARIAN_PEPPER_ROOT,12096.0,10.0,12093.0,23.0,,,,,,,,,12096.0,0.0
0,103000,INTARIAN_PEPPER_ROOT,12096.0,9.0,12093.0,24.0,,,12110.0,9.0,12113.0,24.0,,,12103.0,0.0
0,103100,INTARIAN_PEPPER_ROOT,12097.0,8.0,12094.0,21.0,,,12110.0,8.0,,,,,12103.5,0.0
0,103200,INTARIAN_PEPPER_ROOT,12097.0,9.0,12094.0,21.0,,,12110.0,9.0,,,,,12103.5,0.0
0,103300,INTARIAN_PEPPER_ROOT,12097.0,8.0,,,,,12110.0,8.0,12113.0,15.0,,,12103.5,0.0
0,103400,INTARIAN_PEPPER_ROOT,12097.0,8.0,12094.0,25.0,,,12110.0,8.0,12113.0,25.0,,,12103.5,0.0
0,103500,INTARIAN_PEPPER_ROOT,12097.0,9.0,12094.0,19.0,,,12110.0,9.0,12113.0,19.0,,,12103.5,0.0
0,103600,INTARIAN_PEPPER_ROOT,12097.0,11.0,12094.0,22.0,,,12110.0,11.0,12113.0,22.0,,,12103.5,0.0
0,103700,INTARIAN_PEPPER_ROOT,12097.0,9.0,12094.0,17.0,,,12110.0,9.0,12113.0,17.0,,,12103.5,0.0
0,103800,INTARIAN_PEPPER_ROOT,12097.0,10.0,12094.0,25.0,,,12110.0,10.0,12113.0,25.0,,,12103.5,0.0
0,103900,INTARIAN_PEPPER_ROOT,12097.0,12.0,12094.0,22.0,,,12110.0,12.0,12113.0,22.0,,,12103.5,0.0
0,104000,INTARIAN_PEPPER_ROOT,12097.0,10.0,12094.0,21.0,,,12111.0,10.0,12114.0,21.0,,,12104.0,0.0
0,104100,INTARIAN_PEPPER_ROOT,12098.0,9.0,12095.0,20.0,,,12111.0,9.0,12114.0,20.0,,,12104.5,0.0
0,104200,INTARIAN_PEPPER_ROOT,12098.0,12.0,12095.0,24.0,,,12114.0,24.0,,,,,12106.0,0.0
0,104300,INTARIAN_PEPPER_ROOT,12095.0,16.0,,,,,12114.0,16.0,,,,,12104.5,0.0
0,104400,INTARIAN_PEPPER_ROOT,12098.0,12.0,,,,,12111.0,12.0,12114.0,25.0,,,12104.5,0.0
0,104500,INTARIAN_PEPPER_ROOT,12098.0,8.0,12095.0,21.0,,,12111.0,8.0,,,,,12104.5,0.0
0,104600,INTARIAN_PEPPER_ROOT,12098.0,9.0,12095.0,18.0,,,12111.0,9.0,12114.0,18.0,,,12104.5,0.0
0,104700,INTARIAN_PEPPER_ROOT,12098.0,9.0,12095.0,24.0,,,12111.0,9.0,12114.0,24.0,,,12104.5,0.0
0,104800,INTARIAN_PEPPER_ROOT,12098.0,10.0,12095.0,17.0,,,12111.0,10.0,12114.0,17.0,,,12104.5,0.0
0,104900,INTARIAN_PEPPER_ROOT,12098.0,10.0,12095.0,19.0,,,12111.0,10.0,12114.0,19.0,,,12104.5,0.0
0,105000,INTARIAN_PEPPER_ROOT,12098.0,9.0,12095.0,23.0,,,12112.0,9.0,12115.0,23.0,,,12105.0,0.0
0,105100,INTARIAN_PEPPER_ROOT,12099.0,9.0,12096.0,15.0,,,12112.0,9.0,12115.0,15.0,,,12105.5,0.0
0,105200,INTARIAN_PEPPER_ROOT,12099.0,11.0,12096.0,21.0,,,12112.0,11.0,12115.0,21.0,,,12105.5,0.0
0,105300,INTARIAN_PEPPER_ROOT,12099.0,8.0,,,,,12112.0,8.0,12115.0,17.0,,,12105.5,0.0
0,105400,INTARIAN_PEPPER_ROOT,12099.0,10.0,12096.0,19.0,,,12112.0,10.0,12115.0,19.0,,,12105.5,0.0
0,105500,INTARIAN_PEPPER_ROOT,12099.0,11.0,,,,,12112.0,11.0,,,,,12105.5,0.0
0,105600,INTARIAN_PEPPER_ROOT,12096.0,16.0,,,,,12112.0,10.0,12115.0,16.0,,,12104.0,0.0
0,105700,INTARIAN_PEPPER_ROOT,12099.0,11.0,12096.0,20.0,,,12112.0,11.0,12115.0,20.0,,,12105.5,0.0
0,105800,INTARIAN_PEPPER_ROOT,12096.0,21.0,,,,,12112.0,8.0,12115.0,21.0,,,12104.0,0.0
0,105900,INTARIAN_PEPPER_ROOT,12099.0,8.0,,,,,12112.0,8.0,,,,,12105.5,0.0
0,106000,INTARIAN_PEPPER_ROOT,12096.0,18.0,,,,,12113.0,11.0,12116.0,18.0,,,12104.5,0.0
0,106100,INTARIAN_PEPPER_ROOT,12097.0,20.0,,,,,12113.0,9.0,12116.0,20.0,,,12105.0,0.0
0,106200,INTARIAN_PEPPER_ROOT,12097.0,20.0,,,,,12113.0,8.0,12116.0,20.0,,,12105.0,0.0
0,106300,INTARIAN_PEPPER_ROOT,12100.0,9.0,12097.0,25.0,,,12113.0,9.0,12116.0,25.0,,,12106.5,0.0
0,106400,INTARIAN_PEPPER_ROOT,12100.0,10.0,,,,,12116.0,21.0,,,,,12108.0,0.0
0,106500,INTARIAN_PEPPER_ROOT,12100.0,8.0,12097.0,19.0,,,12113.0,8.0,12116.0,19.0,,,12106.5,0.0
0,106600,INTARIAN_PEPPER_ROOT,12100.0,9.0,12097.0,16.0,,,12113.0,9.0,12116.0,16.0,,,12106.5,0.0
0,106700,INTARIAN_PEPPER_ROOT,12097.0,17.0,,,,,12113.0,11.0,12116.0,17.0,,,12105.0,0.0
0,106800,INTARIAN_PEPPER_ROOT,12100.0,8.0,12097.0,22.0,,,12113.0,8.0,12116.0,22.0,,,12106.5,0.0
0,106900,INTARIAN_PEPPER_ROOT,,,,,,,12113.0,9.0,12116.0,16.0,,,12113.0,0.0
0,107000,INTARIAN_PEPPER_ROOT,12097.0,16.0,,,,,12114.0,10.0,12117.0,16.0,,,12105.5,0.0
0,107100,INTARIAN_PEPPER_ROOT,12101.0,8.0,12098.0,19.0,,,12114.0,8.0,12117.0,19.0,,,12107.5,0.0
0,107200,INTARIAN_PEPPER_ROOT,12101.0,8.0,12098.0,23.0,,,12117.0,23.0,,,,,12109.0,0.0
0,107300,INTARIAN_PEPPER_ROOT,12101.0,10.0,12098.0,22.0,,,12117.0,22.0,,,,,12109.0,0.0
0,107400,INTARIAN_PEPPER_ROOT,12104.0,9.0,12101.0,12.0,12098.0,25.0,12114.0,12.0,12117.0,25.0,,,12109.0,0.0
0,107500,INTARIAN_PEPPER_ROOT,12098.0,24.0,,,,,12117.0,24.0,,,,,12107.5,0.0
0,107600,INTARIAN_PEPPER_ROOT,12101.0,10.0,,,,,12117.0,20.0,,,,,12109.0,0.0
0,107700,INTARIAN_PEPPER_ROOT,,,,,,,12114.0,11.0,,,,,12114.0,0.0
0,107800,INTARIAN_PEPPER_ROOT,12101.0,12.0,12098.0,16.0,,,12114.0,12.0,,,,,12107.5,0.0
0,107900,INTARIAN_PEPPER_ROOT,12098.0,22.0,,,,,12117.0,22.0,,,,,12107.5,0.0
0,108000,INTARIAN_PEPPER_ROOT,12098.0,25.0,,,,,12115.0,12.0,12118.0,25.0,,,12106.5,0.0
0,108100,INTARIAN_PEPPER_ROOT,12099.0,23.0,,,,,12115.0,9.0,,,,,12107.0,0.0
0,108200,INTARIAN_PEPPER_ROOT,12102.0,9.0,12099.0,15.0,,,12115.0,9.0,12118.0,15.0,,,12108.5,0.0
0,108300,INTARIAN_PEPPER_ROOT,12099.0,22.0,,,,,12115.0,12.0,12118.0,22.0,,,12107.0,0.0
0,108400,INTARIAN_PEPPER_ROOT,12102.0,11.0,,,,,12115.0,11.0,12118.0,20.0,,,12108.5,0.0
0,108500,INTARIAN_PEPPER_ROOT,12102.0,9.0,12099.0,21.0,,,12115.0,9.0,12118.0,21.0,,,12108.5,0.0
0,108600,INTARIAN_PEPPER_ROOT,12099.0,17.0,,,,,12115.0,9.0,12118.0,17.0,,,12107.0,0.0
0,108700,INTARIAN_PEPPER_ROOT,12102.0,9.0,12099.0,15.0,,,12115.0,9.0,12118.0,15.0,,,12108.5,0.0
0,108800,INTARIAN_PEPPER_ROOT,12102.0,12.0,12099.0,20.0,,,12115.0,12.0,12118.0,20.0,,,12108.5,0.0
0,108900,INTARIAN_PEPPER_ROOT,12102.0,9.0,12099.0,25.0,,,12118.0,25.0,,,,,12110.0,0.0
0,109000,INTARIAN_PEPPER_ROOT,12102.0,11.0,,,,,12119.0,20.0,,,,,12110.5,0.0
0,109100,INTARIAN_PEPPER_ROOT,12103.0,11.0,12100.0,25.0,,,,,,,,,12103.0,0.0
0,109200,INTARIAN_PEPPER_ROOT,12100.0,23.0,,,,,,,,,,,12100.0,0.0
0,109300,INTARIAN_PEPPER_ROOT,12103.0,10.0,12100.0,25.0,,,12116.0,10.0,12119.0,25.0,,,12109.5,0.0
0,109400,INTARIAN_PEPPER_ROOT,12103.0,10.0,,,,,12116.0,10.0,12119.0,16.0,,,12109.5,0.0
0,109500,INTARIAN_PEPPER_ROOT,12103.0,12.0,12100.0,23.0,,,12116.0,12.0,12119.0,23.0,,,12109.5,0.0
0,109600,INTARIAN_PEPPER_ROOT,,,,,,,,,,,,,0.0,0.0
0,109700,INTARIAN_PEPPER_ROOT,12100.0,22.0,,,,,12116.0,10.0,12119.0,22.0,,,12108.0,0.0
0,109800,INTARIAN_PEPPER_ROOT,12103.0,12.0,12100.0,20.0,,,12116.0,12.0,12119.0,20.0,,,12109.5,0.0
0,109900,INTARIAN_PEPPER_ROOT,12100.0,18.0,,,,,12119.0,18.0,,,,,12109.5,0.0
0,110000,INTARIAN_PEPPER_ROOT,12103.0,9.0,12100.0,23.0,,,12117.0,9.0,12120.0,23.0,,,12110.0,0.0
0,110100,INTARIAN_PEPPER_ROOT,12101.0,18.0,,,,,12117.0,12.0,12120.0,18.0,,,12109.0,0.0
0,110200,INTARIAN_PEPPER_ROOT,12104.0,11.0,12101.0,22.0,,,12117.0,11.0,12120.0,22.0,,,12110.5,0.0
0,110300,INTARIAN_PEPPER_ROOT,12104.0,10.0,12101.0,23.0,,,12117.0,10.0,12120.0,23.0,,,12110.5,0.0
0,110400,INTARIAN_PEPPER_ROOT,12104.0,9.0,12101.0,19.0,,,,,,,,,12104.0,0.0
0,110500,INTARIAN_PEPPER_ROOT,12101.0,22.0,,,,,12120.0,22.0,,,,,12110.5,0.0
0,110600,INTARIAN_PEPPER_ROOT,12104.0,12.0,12101.0,16.0,,,12117.0,12.0,12120.0,16.0,,,12110.5,0.0
0,110700,INTARIAN_PEPPER_ROOT,12101.0,20.0,,,,,12120.0,20.0,,,,,12110.5,0.0
0,110800,INTARIAN_PEPPER_ROOT,12104.0,11.0,12101.0,21.0,,,12117.0,11.0,12120.0,21.0,,,12110.5,0.0
0,110900,INTARIAN_PEPPER_ROOT,12104.0,11.0,12101.0,15.0,,,12120.0,15.0,,,,,12112.0,0.0
0,111000,INTARIAN_PEPPER_ROOT,12104.0,8.0,12101.0,25.0,,,12118.0,8.0,12121.0,25.0,,,12111.0,0.0
0,111100,INTARIAN_PEPPER_ROOT,12105.0,9.0,12102.0,22.0,,,12118.0,9.0,12121.0,22.0,,,12111.5,0.0
0,111200,INTARIAN_PEPPER_ROOT,12102.0,19.0,,,,,,,,,,,12102.0,0.0
0,111300,INTARIAN_PEPPER_ROOT,12105.0,9.0,12102.0,23.0,,,12121.0,23.0,,,,,12113.0,0.0
0,111400,INTARIAN_PEPPER_ROOT,12105.0,11.0,12102.0,25.0,,,12118.0,11.0,12121.0,25.0,,,12111.5,0.0
0,111500,INTARIAN_PEPPER_ROOT,12105.0,11.0,12102.0,15.0,,,12121.0,15.0,,,,,12113.0,0.0
0,111600,INTARIAN_PEPPER_ROOT,12109.0,9.0,12105.0,12.0,12102.0,20.0,12118.0,12.0,12121.0,20.0,,,12113.5,0.0
0,111700,INTARIAN_PEPPER_ROOT,12105.0,9.0,12102.0,18.0,,,12118.0,9.0,,,,,12111.5,0.0
0,111800,INTARIAN_PEPPER_ROOT,12105.0,8.0,,,,,12118.0,8.0,12121.0,18.0,,,12111.5,0.0
0,111900,INTARIAN_PEPPER_ROOT,12105.0,11.0,12102.0,19.0,,,12118.0,11.0,12121.0,19.0,,,12111.5,0.0
0,112000,INTARIAN_PEPPER_ROOT,12105.0,8.0,12102.0,17.0,,,12122.0,17.0,,,,,12113.5,0.0
0,112100,INTARIAN_PEPPER_ROOT,12106.0,11.0,12103.0,17.0,,,12119.0,11.0,12122.0,17.0,,,12112.5,0.0
0,112200,INTARIAN_PEPPER_ROOT,12103.0,24.0,,,,,12119.0,11.0,12122.0,24.0,,,12111.0,0.0
0,112300,INTARIAN_PEPPER_ROOT,12106.0,9.0,12103.0,21.0,,,12119.0,9.0,,,,,12112.5,0.0
0,112400,INTARIAN_PEPPER_ROOT,12106.0,8.0,12103.0,23.0,,,12119.0,8.0,12122.0,23.0,,,12112.5,0.0
