day,timestamp,product,bid_price_1,bid_volume_1,bid_price_2,bid_volume_2,bid_price_3,bid_volume_3,ask_price_1,ask_volume_1,ask_price_2,ask_volume_2,ask_price_3,ask_volume_3,mid_price,profit_and_loss,globalTs,spread,microprice,imbalance
0,0,INTARIAN_PEPPER_ROOT,11991.0,19.0,,,,,12006.0,10.0,12009.0,19.0,,,11998.5,0.0,0,15.0,12000.827586206897,0.3103448275862069
0,100,INTARIAN_PEPPER_ROOT,11994.0,9.0,11991.0,23.0,,,12007.0,9.0,12010.0,23.0,,,12000.5,0.0,100,13.0,12000.5,0.0
0,200,INTARIAN_PEPPER_ROOT,11991.0,20.0,,,,,12007.0,11.0,12010.0,20.0,,,11999.0,0.0,200,16.0,12001.322580645161,0.2903225806451613
0,300,INTARIAN_PEPPER_ROOT,11994.0,10.0,11991.0,24.0,,,12007.0,10.0,,,,,12000.5,0.0,300,13.0,12000.5,0.0
0,400,INTARIAN_PEPPER_ROOT,11994.0,12.0,11991.0,25.0,,,,,,,,,11994.0,0.0,400,,,
0,500,INTARIAN_PEPPER_ROOT,11994.0,11.0,11991.0,25.0,,,12007.0,11.0,12010.0,25.0,,,12000.5,0.0,500,13.0,12000.5,0.0
0,600,INTARIAN_PEPPER_ROOT,11991.0,17.0,,,,,12007.0,9.0,12010.0,17.0,,,11999.0,0.0,600,16.0,12001.461538461539,0.3076923076923077
0,700,INTARIAN_PEPPER_ROOT,11994.0,11.0,11991.0,24.0,,,12007.0,11.0,12010.0,24.0,,,12000.5,0.0,700,13.0,12000.5,0.0
0,800,INTARIAN_PEPPER_ROOT,11994.0,9.0,,,,,,,,,,,11994.0,0.0,800,,,
0,900,INTARIAN_PEPPER_ROOT,11994.0,8.0,11991.0,15.0,,,12007.0,8.0,12010.0,15.0,,,12000.5,0.0,900,13.0,12000.5,0.0
0,1000,INTARIAN_PEPPER_ROOT,11994.0,11.0,11991.0,17.0,,,12007.0,11.0,12010.0,17.0,,,12000.5,0.0,1000,13.0,12000.5,0.0
0,1100,INTARIAN_PEPPER_ROOT,,,,,,,12008.0,12.0,12011.0,15.0,,,12008.0,0.0,1100,,,
0,1200,INTARIAN_PEPPER_ROOT,11995.0,8.0,11992.0,21.0,,,12008.0,8.0,12011.0,21.0,,,12001.5,0.0,1200,13.0,12001.5,0.0
0,1300,INTARIAN_PEPPER_ROOT,11995.0,8.0,,,,,12008.0,8.0,12011.0,21.0,,,12001.5,0.0,1300,13.0,12001.5,0.0
0,1400,INTARIAN_PEPPER_ROOT,11995.0,8.0,11992.0,19.0,,,12008.0,8.0,,,,,12001.5,0.0,1400,13.0,12001.5,0.0
0,1500,INTARIAN_PEPPER_ROOT,11995.0,9.0,11992.0,21.0,,,12011.0,21.0,,,,,12003.0,0.0,1500,16.0,11999.8,-0.4
0,1600,INTARIAN_PEPPER_ROOT,11995.0,10.0,11992.0,24.0,,,12011.0,24.0,,,,,12003.0,0.0,1600,16.0,11999.70588235294,-0.4117647058823529
0,1700,INTARIAN_PEPPER_ROOT,11995.0,10.0,11992.0,16.0,,,,,,,,,11995.0,0.0,1700,,,
0,1800,INTARIAN_PEPPER_ROOT,11995.0,10.0,11992.0,15.0,,,12008.0,10.0,12011.0,15.0,,,12001.5,0.0,1800,13.0,12001.5,0.0
0,1900,INTARIAN_PEPPER_ROOT,11995.0,9.0,11992.0,23.0,,,12008.0,9.0,12011.0,23.0,,,12001.5,0.0,1900,13.0,12001.5,0.0
0,2000,INTARIAN_PEPPER_ROOT,11995.0,10.0,11992.0,25.0,,,12009.0,10.0,12012.0,25.0,,,12002.0,0.0,2000,14.0,12002.0,0.0
0,2100,INTARIAN_PEPPER_ROOT,,,,,,,12009.0,10.0,12012.0,23.0,,,12009.0,0.0,2100,,,
0,2200,INTARIAN_PEPPER_ROOT,11996.0,12.0,11993.0,16.0,,,12009.0,12.0,12012.0,16.0,,,12002.5,0.0,2200,13.0,12002.5,0.0
0,2300,INTARIAN_PEPPER_ROOT,11996.0,8.0,11993.0,22.0,,,12012.0,22.0,,,,,12004.0,0.0,2300,16.0,12000.266666666666,-0.4666666666666667
0,2400,INTARIAN_PEPPER_ROOT,11996.0,12.0,11993.0,20.0,,,12009.0,12.0,12012.0,20.0,,,12002.5,0.0,2400,13.0,12002.5,0.0
0,2500,INTARIAN_PEPPER_ROOT,12006.0,4.0,11996.0,10.0,11993.0,16.0,,,,,,,12006.0,0.0,2500,,,
0,2600,INTARIAN_PEPPER_ROOT,11996.0,9.0,,,,,12009.0,9.0,12012.0,21.0,,,12002.5,0.0,2600,13.0,12002.5,0.0
0,2700,INTARIAN_PEPPER_ROOT,11996.0,11.0,11993.0,21.0,,,12009.0,11.0,12012.0,21.0,,,12002.5,0.0,2700,13.0,12002.5,0.0
0,2800,INTARIAN_PEPPER_ROOT,11996.0,10.0,11993.0,24.0,,,,,,,,,11996.0,0.0,2800,,,
0,2900,INTARIAN_PEPPER_ROOT,11996.0,11.0,11993.0,19.0,,,12009.0,11.0,12012.0,19.0,,,12002.5,0.0,2900,13.0,12002.5,0.0
0,3000,INTARIAN_PEPPER_ROOT,11996.0,8.0,11993.0,18.0,,,12010.0,8.0,12013.0,18.0,,,12003.0,0.0,3000,14.0,12003.0,0.0
0,3100,INTARIAN_PEPPER_ROOT,,,,,,,12010.0,10.0,12013.0,18.0,,,12010.0,0.0,3100,,,
0,3200,INTARIAN_PEPPER_ROOT,11997.0,12.0,11994.0,21.0,,,12010.0,12.0,12013.0,21.0,,,12003.5,0.0,3200,13.0,12003.5,0.0
0,3300,INTARIAN_PEPPER_ROOT,,,,,,,12010.0,8.0,12013.0,22.0,,,12010.0,0.0,3300,,,
0,3400,INTARIAN_PEPPER_ROOT,11997.0,9.0,11994.0,19.0,,,12010.0,9.0,12013.0,19.0,,,12003.5,0.0,3400,13.0,12003.5,0.0
0,3500,INTARIAN_PEPPER_ROOT,11997.0,12.0,11994.0,16.0,,,12010.0,12.0,,,,,12003.5,0.0,3500,13.0,12003.5,0.0
0,3600,INTARIAN_PEPPER_ROOT,11997.0,9.0,11994.0,16.0,,,12010.0,9.0,12013.0,16.0,,,12003.5,0.0,3600,13.0,12003.5,0.0
0,3700,INTARIAN_PEPPER_ROOT,11997.0,9.0,,,,,12010.0,9.0,12013.0,23.0,,,12003.5,0.0,3700,13.0,12003.5,0.0
0,3800,INTARIAN_PEPPER_ROOT,11997.0,8.0,11994.0,20.0,,,12006.0,6.0,12013.0,20.0,,,12001.5,0.0,3800,9.0,12002.142857142857,0.14285714285714285
0,3900,INTARIAN_PEPPER_ROOT,11997.0,8.0,11994.0,16.0,,,12010.0,8.0,12013.0,16.0,,,12003.5,0.0,3900,13.0,12003.5,0.0
0,4000,INTARIAN_PEPPER_ROOT,11997.0,10.0,11994.0,22.0,,,12011.0,10.0,12014.0,22.0,,,12004.0,0.0,4000,14.0,12004.0,0.0
0,4100,INTARIAN_PEPPER_ROOT,11998.0,12.0,11995.0,19.0,,,,,,,,,11998.0,0.0,4100,,,
0,4200,INTARIAN_PEPPER_ROOT,11995.0,15.0,,,,,12014.0,15.0,,,,,12004.5,0.0,4200,19.0,12004.5,0.0
0,4300,INTARIAN_PEPPER_ROOT,,,,,,,12011.0,8.0,12014.0,20.0,,,12011.0,0.0,4300,,,
0,4400,INTARIAN_PEPPER_ROOT,11995.0,15.0,,,,,12011.0,11.0,12014.0,15.0,,,12003.0,0.0,4400,16.0,12004.23076923077,0.15384615384615385
0,4500,INTARIAN_PEPPER_ROOT,11998.0,9.0,11995.0,17.0,,,12011.0,9.0,12014.0,17.0,,,12004.5,0.0,4500,13.0,12004.5,0.0
0,4600,INTARIAN_PEPPER_ROOT,11998.0,11.0,11995.0,17.0,,,12011.0,11.0,12014.0,17.0,,,12004.5,0.0,4600,13.0,12004.5,0.0
0,4700,INTARIAN_PEPPER_ROOT,11998.0,9.0,11995.0,17.0,,,12014.0,17.0,,,,,12006.0,0.0,4700,16.0,12003.538461538461,-0.3076923076923077
0,4800,INTARIAN_PEPPER_ROOT,11998.0,8.0,11995.0,21.0,,,12011.0,8.0,12014.0,21.0,,,12004.5,0.0,4800,13.0,12004.5,0.0
0,4900,INTARIAN_PEPPER_ROOT,11998.0,10.0,11995.0,16.0,,,12014.0,16.0,,,,,12006.0,0.0,4900,16.0,12004.153846153846,-0.23076923076923078
0,5000,INTARIAN_PEPPER_ROOT,11995.0,21.0,,,,,12012.0,10.0,,,,,12003.5,0.0,5000,17.0,12006.516129032258,0.3548387096774194
0,5100,INTARIAN_PEPPER_ROOT,11999.0,8.0,11996.0,18.0,,,12012.0,8.0,12015.0,18.0,,,12005.5,0.0,5100,13.0,12005.5,0.0
0,5200,INTARIAN_PEPPER_ROOT,11999.0,10.0,11996.0,24.0,,,12001.0,3.0,12012.0,10.0,12015.0,24.0,12000.0,0.0,5200,2.0,12000.538461538461,0.5384615384615384
0,5300,INTARIAN_PEPPER_ROOT,11999.0,9.0,,,,,12012.0,9.0,12015.0,18.0,,,12005.5,0.0,5300,13.0,12005.5,0.0
0,5400,INTARIAN_PEPPER_ROOT,11999.0,10.0,,,,,12015.0,18.0,,,,,12007.0,0.0,5400,16.0,12004.714285714286,-0.2857142857142857
0,5500,INTARIAN_PEPPER_ROOT,11999.0,9.0,,,,,12012.0,9.0,,,,,12005.5,0.0,5500,13.0,12005.5,0.0
0,5600,INTARIAN_PEPPER_ROOT,11996.0,24.0,,,,,12012.0,12.0,12015.0,24.0,,,12004.0,0.0,5600,16.0,12006.666666666666,0.3333333333333333
0,5700,INTARIAN_PEPPER_ROOT,11999.0,8.0,11996.0,16.0,,,12012.0,8.0,,,,,12005.5,0.0,5700,13.0,12005.5,0.0
0,5800,INTARIAN_PEPPER_ROOT,11996.0,21.0,,,,,12015.0,21.0,,,,,12005.5,0.0,5800,19.0,12005.5,0.0
0,5900,INTARIAN_PEPPER_ROOT,11999.0,9.0,11996.0,20.0,,,12012.0,9.0,12015.0,20.0,,,12005.5,0.0,5900,13.0,12005.5,0.0
0,6000,INTARIAN_PEPPER_ROOT,11996.0,19.0,,,,,12008.0,7.0,12013.0,10.0,12016.0,19.0,12002.0,0.0,6000,12.0,12004.76923076923,0.46153846153846156
0,6100,INTARIAN_PEPPER_ROOT,12000.0,10.0,11997.0,21.0,,,12016.0,21.0,,,,,12008.0,0.0,6100,16.0,12005.161290322581,-0.3548387096774194
0,6200,INTARIAN_PEPPER_ROOT,12000.0,11.0,11997.0,19.0,,,12013.0,11.0,12016.0,19.0,,,12006.5,0.0,6200,13.0,12006.5,0.0
0,6300,INTARIAN_PEPPER_ROOT,12000.0,9.0,11997.0,25.0,,,12013.0,9.0,12016.0,25.0,,,12006.5,0.0,6300,13.0,12006.5,0.0
0,6400,INTARIAN_PEPPER_ROOT,12000.0,10.0,11997.0,24.0,,,12016.0,24.0,,,,,12008.0,0.0,6400,16.0,12004.70588235294,-0.4117647058823529
0,6500,INTARIAN_PEPPER_ROOT,12000.0,9.0,11997.0,25.0,,,12013.0,9.0,12016.0,25.0,,,12006.5,0.0,6500,13.0,12006.5,0.0
0,6600,INTARIAN_PEPPER_ROOT,11997.0,20.0,,,,,,,,,,,11997.0,0.0,6600,,,
0,6700,INTARIAN_PEPPER_ROOT,12000.0,9.0,11997.0,24.0,,,12016.0,24.0,,,,,12008.0,0.0,6700,16.0,12004.363636363636,-0.45454545454545453
0,6800,INTARIAN_PEPPER_ROOT,12000.0,8.0,11997.0,18.0,,,12013.0,8.0,12016.0,18.0,,,12006.5,0.0,6800,13.0,12006.5,0.0
0,6900,INTARIAN_PEPPER_ROOT,12000.0,8.0,11997.0,18.0,,,12013.0,8.0,12016.0,18.0,,,12006.5,0.0,6900,13.0,12006.5,0.0
0,7000,INTARIAN_PEPPER_ROOT,11997.0,21.0,,,,,12017.0,21.0,,,,,12007.0,0.0,7000,20.0,12007.0,0.0
0,7100,INTARIAN_PEPPER_ROOT,12001.0,8.0,,,,,12014.0,8.0,12017.0,24.0,,,12007.5,0.0,7100,13.0,12007.5,0.0
0,7200,INTARIAN_PEPPER_ROOT,12001.0,10.0,,,,,12014.0,10.0,12017.0,19.0,,,12007.5,0.0,7200,13.0,12007.5,0.0
0,7300,INTARIAN_PEPPER_ROOT,12001.0,10.0,11998.0,21.0,,,12014.0,10.0,,,,,12007.5,0.0,7300,13.0,12007.5,0.0
0,7400,INTARIAN_PEPPER_ROOT,12001.0,12.0,11998.0,23.0,,,12014.0,12.0,12017.0,23.0,,,12007.5,0.0,7400,13.0,12007.5,0.0
0,7500,INTARIAN_PEPPER_ROOT,12001.0,10.0,11998.0,16.0,,,12017.0,16.0,,,,,12009.0,0.0,7500,16.0,12007.153846153846,-0.23076923076923078
0,7600,INTARIAN_PEPPER_ROOT,12001.0,12.0,,,,,12014.0,12.0,12017.0,23.0,,,12007.5,0.0,7600,13.0,12007.5,0.0
0,7700,INTARIAN_PEPPER_ROOT,11998.0,17.0,,,,,12014.0,11.0,12017.0,17.0,,,12006.0,0.0,7700,16.0,12007.714285714286,0.21428571428571427
0,7800,INTARIAN_PEPPER_ROOT,12001.0,9.0,11998.0,18.0,,,12014.0,9.0,,,,,12007.5,0.0,7800,13.0,12007.5,0.0
0,7900,INTARIAN_PEPPER_ROOT,12001.0,8.0,11998.0,16.0,,,12014.0,8.0,,,,,12007.5,0.0,7900,13.0,12007.5,0.0
0,8000,INTARIAN_PEPPER_ROOT,12001.0,11.0,,,,,12018.0,25.0,,,,,12009.5,0.0,8000,17.0,12006.194444444445,-0.3888888888888889
0,8100,INTARIAN_PEPPER_ROOT,12002.0,8.0,,,,,12015.0,8.0,12018.0,15.0,,,12008.5,0.0,8100,13.0,12008.5,0.0
0,8200,INTARIAN_PEPPER_ROOT,12002.0,9.0,,,,,12015.0,9.0,12018.0,17.0,,,12008.5,0.0,8200,13.0,12008.5,0.0
0,8300,INTARIAN_PEPPER_ROOT,11999.0,24.0,,,,,12015.0,11.0,,,,,12007.0,0.0,8300,16.0,12009.971428571429,0.37142857142857144
0,8400,INTARIAN_PEPPER_ROOT,11999.0,23.0,,,,,12015.0,11.0,12018.0,23.0,,,12007.0,0.0,8400,16.0,12009.823529411764,0.35294117647058826
0,8500,INTARIAN_PEPPER_ROOT,12002.0,10.0,11999.0,23.0,,,12015.0,10.0,12018.0,23.0,,,12008.5,0.0,8500,13.0,12008.5,0.0
0,8600,INTARIAN_PEPPER_ROOT,12002.0,11.0,11999.0,16.0,,,12015.0,11.0,12018.0,16.0,,,12008.5,0.0,8600,13.0,12008.5,0.0
0,8700,INTARIAN_PEPPER_ROOT,12002.0,9.0,11999.0,21.0,,,,,,,,,12002.0,0.0,8700,,,
0,8800,INTARIAN_PEPPER_ROOT,12002.0,11.0,11999.0,17.0,,,12015.0,11.0,12018.0,17.0,,,12008.5,0.0,8800,13.0,12008.5,0.0
0,8900,INTARIAN_PEPPER_ROOT,12002.0,12.0,,,,,12018.0,16.0,,,,,12010.0,0.0,8900,16.0,12008.857142857143,-0.14285714285714285
0,9000,INTARIAN_PEPPER_ROOT,12002.0,8.0,11999.0,17.0,,,12016.0,8.0,12019.0,17.0,,,12009.0,0.0,9000,14.0,12009.0,0.0
0,9100,INTARIAN_PEPPER_ROOT,12003.0,11.0,12000.0,25.0,,,12016.0,11.0,12019.0,25.0,,,12009.5,0.0,9100,13.0,12009.5,0.0
0,9200,INTARIAN_PEPPER_ROOT,12000.0,19.0,,,,,12019.0,19.0,,,,,12009.5,0.0,9200,19.0,12009.5,0.0
0,9300,INTARIAN_PEPPER_ROOT,12003.0,11.0,12000.0,15.0,,,12005.0,6.0,12016.0,11.0,,,12004.0,0.0,9300,2.0,12004.29411764706,0.29411764705882354
0,9400,INTARIAN_PEPPER_ROOT,12003.0,10.0,12000.0,17.0,,,12016.0,10.0,12019.0,17.0,,,12009.5,0.0,9400,13.0,12009.5,0.0
0,9500,INTARIAN_PEPPER_ROOT,12003.0,12.0,12000.0,15.0,,,12016.0,12.0,,,,,12009.5,0.0,9500,13.0,12009.5,0.0
0,9600,INTARIAN_PEPPER_ROOT,12003.0,11.0,12000.0,21.0,,,12016.0,11.0,12019.0,21.0,,,12009.5,0.0,9600,13.0,12009.5,0.0
0,9700,INTARIAN_PEPPER_ROOT,12003.0,8.0,12000.0,15.0,,,12016.0,8.0,12019.0,15.0,,,12009.5,0.0,9700,13.0,12009.5,0.0
0,9800,INTARIAN_PEPPER_ROOT,12003.0,10.0,12000.0,18.0,,,12016.0,10.0,12019.0,18.0,,,12009.5,0.0,9800,13.0,12009.5,0.0
0,9900,INTARIAN_PEPPER_ROOT,12000.0,18.0,,,,,12019.0,18.0,,,,,12009.5,0.0,9900,19.0,12009.5,0.0
0,10000,INTARIAN_PEPPER_ROOT,12003.0,12.0,12000.0,18.0,,,12017.0,12.0,12020.0,18.0,,,12010.0,0.0,10000,14.0,12010.0,0.0
0,10100,INTARIAN_PEPPER_ROOT,12004.0,8.0,,,,,12017.0,8.0,12020.0,18.0,,,12010.5,0.0,10100,13.0,12010.5,0.0
0,10200,INTARIAN_PEPPER_ROOT,12001.0,15.0,,,,,12017.0,9.0,12020.0,15.0,,,12009.0,0.0,10200,16.0,12011.0,0.25
0,10300,INTARIAN_PEPPER_ROOT,12004.0,10.0,12001.0,17.0,,,12017.0,10.0,12020.0,17.0,,,12010.5,0.0,10300,13.0,12010.5,0.0
0,10400,INTARIAN_PEPPER_ROOT,12001.0,17.0,,,,,12017.0,9.0,12020.0,17.0,,,12009.0,0.0,10400,16.0,12011.461538461539,0.3076923076923077
0,10500,INTARIAN_PEPPER_ROOT,12004.0,12.0,12001.0,23.0,,,12017.0,12.0,12020.0,23.0,,,12010.5,0.0,10500,13.0,12010.5,0.0
0,10600,INTARIAN_PEPPER_ROOT,12004.0,9.0,12001.0,25.0,,,12017.0,9.0,12020.0,25.0,,,12010.5,0.0,10600,13.0,12010.5,0.0
0,10700,INTARIAN_PEPPER_ROOT,12004.0,12.0,12001.0,17.0,,,12017.0,12.0,12020.0,17.0,,,12010.5,0.0,10700,13.0,12010.5,0.0
0,10800,INTARIAN_PEPPER_ROOT,12004.0,9.0,12001.0,20.0,,,12020.0,20.0,,,,,12012.0,0.0,10800,16.0,12008.965517241379,-0.3793103448275862
0,10900,INTARIAN_PEPPER_ROOT,12004.0,10.0,,,,,12017.0,10.0,12020.0,23.0,,,12010.5,0.0,10900,13.0,12010.5,0.0
0,11000,INTARIAN_PEPPER_ROOT,12004.0,8.0,,,,,12018.0,8.0,12021.0,25.0,,,12011.0,0.0,11000,14.0,12011.0,0.0
0,11100,INTARIAN_PEPPER_ROOT,12005.0,11.0,12002.0,22.0,,,12018.0,11.0,12021.0,22.0,,,12011.5,0.0,11100,13.0,12011.5,0.0
0,11200,INTARIAN_PEPPER_ROOT,12005.0,11.0,12002.0,16.0,,,12018.0,11.0,,,,,12011.5,0.0,11200,13.0,12011.5,0.0
0,11300,INTARIAN_PEPPER_ROOT,12005.0,9.0,12002.0,24.0,,,12018.0,9.0,12021.0,24.0,,,12011.5,0.0,11300,13.0,12011.5,0.0
0,11400,INTARIAN_PEPPER_ROOT,12005.0,10.0,12002.0,25.0,,,12018.0,10.0,12021.0,25.0,,,12011.5,0.0,11400,13.0,12011.5,0.0
0,11500,INTARIAN_PEPPER_ROOT,12005.0,12.0,12002.0,22.0,,,12013.0,9.0,12018.0,12.0,,,12009.0,0.0,11500,8.0,12009.57142857143,0.14285714285714285
0,11600,INTARIAN_PEPPER_ROOT,12005.0,11.0,12002.0,16.0,,,12018.0,11.0,12021.0,16.0,,,12011.5,0.0,11600,13.0,12011.5,0.0
0,11700,INTARIAN_PEPPER_ROOT,12005.0,9.0,12002.0,18.0,,,,,,,,,12005.0,0.0,11700,,,
0,11800,INTARIAN_PEPPER_ROOT,12002.0,25.0,,,,,12021.0,25.0,,,,,12011.5,0.0,11800,19.0,12011.5,0.0
0,11900,INTARIAN_PEPPER_ROOT,12015.0,4.0,12005.0,11.0,12002.0,16.0,12018.0,11.0,12021.0,16.0,,,12016.5,0.0,11900,3.0,12015.8,-0.4666666666666667
0,12000,INTARIAN_PEPPER_ROOT,12005.0,12.0,12002.0,18.0,,,12019.0,12.0,12022.0,18.0,,,12012.0,0.0,12000,14.0,12012.0,0.0
0,12100,INTARIAN_PEPPER_ROOT,12006.0,9.0,12003.0,25.0,,,12019.0,9.0,12022.0,25.0,,,12012.5,0.0,12100,13.0,12012.5,0.0
0,12200,INTARIAN_PEPPER_ROOT,12006.0,12.0,12003.0,19.0,,,12019.0,12.0,12022.0,19.0,,,12012.5,0.0,12200,13.0,12012.5,0.0
0,12300,INTARIAN_PEPPER_ROOT,12003.0,17.0,,,,,12019.0,12.0,12022.0,17.0,,,12011.0,0.0,12300,16.0,12012.379310344828,0.1724137931034483
0,12400,INTARIAN_PEPPER_ROOT,12003.0,23.0,,,,,12022.0,23.0,,,,,12012.5,0.0,12400,19.0,12012.5,0.0
0,12500,INTARIAN_PEPPER_ROOT,12006.0,9.0,,,,,12019.0,9.0,12022.0,25.0,,,12012.5,0.0,12500,13.0,12012.5,0.0
0,12600,INTARIAN_PEPPER_ROOT,12006.0,10.0,12003.0,25.0,,,12019.0,10.0,,,,,12012.5,0.0,12600,13.0,12012.5,0.0
0,12700,INTARIAN_PEPPER_ROOT,12006.0,8.0,12003.0,24.0,,,12022.0,24.0,,,,,12014.0,0.0,12700,16.0,12010.0,-0.5
0,12800,INTARIAN_PEPPER_ROOT,12006.0,10.0,,,,,12019.0,10.0,,,,,12012.5,0.0,12800,13.0,12012.5,0.0
0,12900,INTARIAN_PEPPER_ROOT,12006.0,9.0,12003.0,25.0,,,12019.0,9.0,12022.0,25.0,,,12012.5,0.0,12900,13.0,12012.5,0.0
0,13000,INTARIAN_PEPPER_ROOT,12006.0,9.0,12003.0,21.0,,,12020.0,9.0,,,,,12013.0,0.0,13000,14.0,12013.0,0.0
0,13100,INTARIAN_PEPPER_ROOT,12007.0,9.0,12004.0,20.0,,,12020.0,9.0,12023.0,20.0,,,12013.5,0.0,13100,13.0,12013.5,0.0
0,13200,INTARIAN_PEPPER_ROOT,12004.0,24.0,,,,,12020.0,8.0,12023.0,24.0,,,12012.0,0.0,13200,16.0,12016.0,0.5
0,13300,INTARIAN_PEPPER_ROOT,12004.0,15.0,,,,,12020.0,8.0,12023.0,15.0,,,12012.0,0.0,13300,16.0,12014.434782608696,0.30434782608695654
0,13400,INTARIAN_PEPPER_ROOT,12007.0,9.0,12004.0,15.0,,,12020.0,9.0,12023.0,15.0,,,12013.5,0.0,13400,13.0,12013.5,0.0
0,13500,INTARIAN_PEPPER_ROOT,12007.0,8.0,12004.0,16.0,,,12020.0,8.0,,,,,12013.5,0.0,13500,13.0,12013.5,0.0
0,13600,INTARIAN_PEPPER_ROOT,12007.0,12.0,12004.0,23.0,,,12020.0,12.0,12023.0,23.0,,,12013.5,0.0,13600,13.0,12013.5,0.0
0,13700,INTARIAN_PEPPER_ROOT,12007.0,9.0,12004.0,23.0,,,12020.0,9.0,12023.0,23.0,,,12013.5,0.0,13700,13.0,12013.5,0.0
0,13800,INTARIAN_PEPPER_ROOT,12007.0,9.0,,,,,12020.0,9.0,12023.0,15.0,,,12013.5,0.0,13800,13.0,12013.5,0.0
0,13900,INTARIAN_PEPPER_ROOT,12007.0,11.0,12004.0,15.0,,,12020.0,11.0,12023.0,15.0,,,12013.5,0.0,13900,13.0,12013.5,0.0
0,14000,INTARIAN_PEPPER_ROOT,12017.0,7.0,12007.0,12.0,12004.0,20.0,12021.0,12.0,,,,,12019.0,0.0,14000,4.0,12018.473684210527,-0.2631578947368421
0,14100,INTARIAN_PEPPER_ROOT,12008.0,9.0,12005.0,16.0,,,,,,,,,12008.0,0.0,14100,,,
0,14200,INTARIAN_PEPPER_ROOT,12008.0,9.0,12005.0,23.0,,,12021.0,9.0,12024.0,23.0,,,12014.5,0.0,14200,13.0,12014.5,0.0
0,14300,INTARIAN_PEPPER_ROOT,12005.0,24.0,,,,,12021.0,8.0,12024.0,24.0,,,12013.0,0.0,14300,16.0,12017.0,0.5
0,14400,INTARIAN_PEPPER_ROOT,12008.0,12.0,12005.0,20.0,,,12021.0,12.0,,,,,12014.5,0.0,14400,13.0,12014.5,0.0
0,14500,INTARIAN_PEPPER_ROOT,12008.0,8.0,,,,,12021.0,8.0,,,,,12014.5,0.0,14500,13.0,12014.5,0.0
0,14600,INTARIAN_PEPPER_ROOT,,,,,,,12021.0,11.0,12024.0,16.0,,,12021.0,0.0,14600,,,
0,14700,INTARIAN_PEPPER_ROOT,12008.0,9.0,12005.0,21.0,,,12024.0,21.0,,,,,12016.0,0.0,14700,16.0,12012.8,-0.4
0,14800,INTARIAN_PEPPER_ROOT,12008.0,8.0,12005.0,15.0,,,,,,,,,12008.0,0.0,14800,,,
0,14900,INTARIAN_PEPPER_ROOT,12008.0,9.0,12005.0,19.0,,,12021.0,9.0,12024.0,19.0,,,12014.5,0.0,14900,13.0,12014.5,0.0
0,15000,INTARIAN_PEPPER_ROOT,12005.0,18.0,,,,,12022.0,11.0,,,,,12013.5,0.0,15000,17.0,12015.551724137931,0.2413793103448276
0,15100,INTARIAN_PEPPER_ROOT,12009.0,10.0,,,,,12017.0,7.0,12022.0,10.0,12025.0,18.0,12013.0,0.0,15100,8.0,12013.70588235294,0.17647058823529413
0,15200,INTARIAN_PEPPER_ROOT,12009.0,11.0,12006.0,15.0,,,12025.0,15.0,,,,,12017.0,0.0,15200,16.0,12015.76923076923,-0.15384615384615385
0,15300,INTARIAN_PEPPER_ROOT,12009.0,8.0,12006.0,19.0,,,12025.0,19.0,,,,,12017.0,0.0,15300,16.0,12013.74074074074,-0.4074074074074074
0,15400,INTARIAN_PEPPER_ROOT,12009.0,12.0,12006.0,24.0,,,12022.0,12.0,,,,,12015.5,0.0,15400,13.0,12015.5,0.0
0,15500,INTARIAN_PEPPER_ROOT,12009.0,8.0,12006.0,20.0,,,12025.0,20.0,,,,,12017.0,0.0,15500,16.0,12013.57142857143,-0.42857142857142855
0,15600,INTARIAN_PEPPER_ROOT,12009.0,11.0,12006.0,21.0,,,12022.0,11.0,12025.0,21.0,,,12015.5,0.0,15600,13.0,12015.5,0.0
0,15700,INTARIAN_PEPPER_ROOT,12009.0,10.0,,,,,12022.0,10.0,12025.0,21.0,,,12015.5,0.0,15700,13.0,12015.5,0.0
0,15800,INTARIAN_PEPPER_ROOT,12009.0,8.0,12006.0,20.0,,,12022.0,8.0,12025.0,20.0,,,12015.5,0.0,15800,13.0,12015.5,0.0
0,15900,INTARIAN_PEPPER_ROOT,12009.0,11.0,12006.0,21.0,,,12022.0,11.0,12025.0,21.0,,,12015.5,0.0,15900,13.0,12015.5,0.0
0,16000,INTARIAN_PEPPER_ROOT,12009.0,9.0,12006.0,25.0,,,12023.0,9.0,,,,,12016.0,0.0,16000,14.0,12016.0,0.0
0,16100,INTARIAN_PEPPER_ROOT,12010.0,10.0,12007.0,22.0,,,12026.0,22.0,,,,,12018.0,0.0,16100,16.0,12015.0,-0.375
0,16200,INTARIAN_PEPPER_ROOT,12010.0,10.0,,,,,12023.0,10.0,12026.0,21.0,,,12016.5,0.0,16200,13.0,12016.5,0.0
0,16300,INTARIAN_PEPPER_ROOT,12010.0,10.0,12007.0,16.0,,,12023.0,10.0,,,,,12016.5,0.0,16300,13.0,12016.5,0.0
0,16400,INTARIAN_PEPPER_ROOT,12010.0,12.0,12007.0,15.0,,,12023.0,12.0,12026.0,15.0,,,12016.5,0.0,16400,13.0,12016.5,0.0
0,16500,INTARIAN_PEPPER_ROOT,12007.0,18.0,,,,,12023.0,10.0,12026.0,18.0,,,12015.0,0.0,16500,16.0,12017.285714285714,0.2857142857142857
0,16600,INTARIAN_PEPPER_ROOT,12010.0,11.0,12007.0,25.0,,,12023.0,11.0,12026.0,25.0,,,12016.5,0.0,16600,13.0,12016.5,0.0
0,16700,INTARIAN_PEPPER_ROOT,,,,,,,,,,,,,0.0,0.0,16700,,,
0,16800,INTARIAN_PEPPER_ROOT,12010.0,10.0,12007.0,25.0,,,12026.0,25.0,,,,,12018.0,0.0,16800,16.0,12014.57142857143,-0.42857142857142855
0,16900,INTARIAN_PEPPER_ROOT,12010.0,12.0,12007.0,20.0,,,12023.0,12.0,12026.0,20.0,,,12016.5,0.0,16900,13.0,12016.5,0.0
0,17000,INTARIAN_PEPPER_ROOT,12010.0,10.0,12007.0,19.0,,,12024.0,10.0,,,,,12017.0,0.0,17000,14.0,12017.0,0.0
0,17100,INTARIAN_PEPPER_ROOT,12011.0,11.0,12008.0,24.0,,,,,,,,,12011.0,0.0,17100,,,
0,17200,INTARIAN_PEPPER_ROOT,12011.0,8.0,12008.0,25.0,,,12024.0,8.0,12027.0,25.0,,,12017.5,0.0,17200,13.0,12017.5,0.0
0,17300,INTARIAN_PEPPER_ROOT,12008.0,20.0,,,,,12024.0,12.0,12027.0,20.0,,,12016.0,0.0,17300,16.0,12018.0,0.25
0,17400,INTARIAN_PEPPER_ROOT,12008.0,20.0,,,,,12024.0,11.0,12027.0,20.0,,,12016.0,0.0,17400,16.0,12018.322580645161,0.2903225806451613
0,17500,INTARIAN_PEPPER_ROOT,12008.0,18.0,,,,,12024.0,9.0,12027.0,18.0,,,12016.0,0.0,17500,16.0,12018.666666666666,0.3333333333333333
0,17600,INTARIAN_PEPPER_ROOT,12011.0,11.0,12008.0,24.0,,,12024.0,11.0,12027.0,24.0,,,12017.5,0.0,17600,13.0,12017.5,0.0
0,17700,INTARIAN_PEPPER_ROOT,12011.0,12.0,12008.0,20.0,,,,,,,,,12011.0,0.0,17700,,,
0,17800,INTARIAN_PEPPER_ROOT,12011.0,11.0,,,,,12024.0,11.0,12027.0,18.0,,,12017.5,0.0,17800,13.0,12017.5,0.0
0,17900,INTARIAN_PEPPER_ROOT,12011.0,11.0,12008.0,22.0,,,12024.0,11.0,12027.0,22.0,,,12017.5,0.0,17900,13.0,12017.5,0.0
0,18000,INTARIAN_PEPPER_ROOT,12011.0,9.0,12008.0,22.0,,,12025.0,9.0,12028.0,22.0,,,12018.0,0.0,18000,14.0,12018.0,0.0
0,18100,INTARIAN_PEPPER_ROOT,12012.0,10.0,12009.0,18.0,,,12025.0,10.0,12028.0,18.0,,,12018.5,0.0,18100,13.0,12018.5,0.0
0,18200,INTARIAN_PEPPER_ROOT,12012.0,8.0,,,,,12028.0,18.0,,,,,12020.0,0.0,18200,16.0,12016.923076923076,-0.38461538461538464
0,18300,INTARIAN_PEPPER_ROOT,12012.0,12.0,12009.0,18.0,,,12025.0,12.0,12028.0,18.0,,,12018.5,0.0,18300,13.0,12018.5,0.0
0,18400,INTARIAN_PEPPER_ROOT,12012.0,10.0,12009.0,16.0,,,12025.0,10.0,12028.0,16.0,,,12018.5,0.0,18400,13.0,12018.5,0.0
0,18500,INTARIAN_PEPPER_ROOT,12012.0,9.0,12009.0,17.0,,,12025.0,9.0,12028.0,17.0,,,12018.5,0.0,18500,13.0,12018.5,0.0
0,18600,INTARIAN_PEPPER_ROOT,12012.0,10.0,12009.0,24.0,,,12025.0,10.0,12028.0,24.0,,,12018.5,0.0,18600,13.0,12018.5,0.0
0,18700,INTARIAN_PEPPER_ROOT,12012.0,12.0,12009.0,24.0,,,12025.0,12.0,12028.0,24.0,,,12018.5,0.0,18700,13.0,12018.5,0.0
0,18800,INTARIAN_PEPPER_ROOT,12012.0,10.0,12009.0,23.0,,,12025.0,10.0,,,,,12018.5,0.0,18800,13.0,12018.5,0.0
0,18900,INTARIAN_PEPPER_ROOT,12009.0,21.0,,,,,12025.0,9.0,,,,,12017.0,0.0,18900,16.0,12020.2,0.4
0,19000,INTARIAN_PEPPER_ROOT,12012.0,10.0,12009.0,16.0,,,12026.0,10.0,12029.0,16.0,,,12019.0,0.0,19000,14.0,12019.0,0.0
0,19100,INTARIAN_PEPPER_ROOT,12013.0,8.0,,,,,12029.0,15.0,,,,,12021.0,0.0,19100,16.0,12018.565217391304,-0.30434782608695654
0,19200,INTARIAN_PEPPER_ROOT,12013.0,12.0,12010.0,22.0,,,12026.0,12.0,12029.0,22.0,,,12019.5,0.0,19200,13.0,12019.5,0.0
0,19300,INTARIAN_PEPPER_ROOT,12013.0,11.0,12010.0,22.0,,,12026.0,11.0,12029.0,22.0,,,12019.5,0.0,19300,13.0,12019.5,0.0
0,19400,INTARIAN_PEPPER_ROOT,12013.0,8.0,,,,,12029.0,21.0,,,,,12021.0,0.0,19400,16.0,12017.413793103447,-0.4482758620689655
0,19500,INTARIAN_PEPPER_ROOT,12013.0,9.0,,,,,12029.0,19.0,,,,,12021.0,0.0,19500,16.0,12018.142857142857,-0.35714285714285715
0,19600,INTARIAN_PEPPER_ROOT,12013.0,9.0,12010.0,24.0,,,12026.0,9.0,12029.0,24.0,,,12019.5,0.0,19600,13.0,12019.5,0.0
0,19700,INTARIAN_PEPPER_ROOT,12013.0,12.0,,,,,12026.0,12.0,12029.0,23.0,,,12019.5,0.0,19700,13.0,12019.5,0.0
0,19800,INTARIAN_PEPPER_ROOT,12013.0,8.0,12010.0,21.0,,,12026.0,8.0,,,,,12019.5,0.0,19800,13.0,12019.5,0.0
0,19900,INTARIAN_PEPPER_ROOT,12013.0,12.0,12010.0,24.0,,,12016.0,7.0,12026.0,12.0,12029.0,24.0,12014.5,0.0,19900,3.0,12014.894736842105,0.2631578947368421
0,20000,INTARIAN_PEPPER_ROOT,,,,,,,12030.0,22.0,,,,,12030.0,0.0,20000,,,
0,20100,INTARIAN_PEPPER_ROOT,12014.0,11.0,12011.0,17.0,,,12027.0,11.0,,,,,12020.5,0.0,20100,13.0,12020.5,0.0
0,20200,INTARIAN_PEPPER_ROOT,12014.0,10.0,12011.0,24.0,,,12027.0,10.0,12030.0,24.0,,,12020.5,0.0,20200,13.0,12020.5,0.0
0,20300,INTARIAN_PEPPER_ROOT,12011.0,23.0,,,,,12027.0,8.0,12030.0,23.0,,,12019.0,0.0,20300,16.0,12022.870967741936,0.4838709677419355
0,20400,INTARIAN_PEPPER_ROOT,12014.0,11.0,,,,,12027.0,11.0,12030.0,17.0,,,12020.5,0.0,20400,13.0,12020.5,0.0
0,20500,INTARIAN_PEPPER_ROOT,12011.0,16.0,,,,,12027.0,12.0,12030.0,16.0,,,12019.0,0.0,20500,16.0,12020.142857142857,0.14285714285714285
0,20600,INTARIAN_PEPPER_ROOT,12011.0,17.0,,,,,12027.0,10.0,,,,,12019.0,0.0,20600,16.0,12021.074074074075,0.25925925925925924
0,20700,INTARIAN_PEPPER_ROOT,12024.0,5.0,12014.0,11.0,,,12027.0,11.0,12030.0,20.0,,,12025.5,0.0,20700,3.0,12024.9375,-0.375
0,20800,INTARIAN_PEPPER_ROOT,12014.0,9.0,,,,,12027.0,9.0,12030.0,24.0,,,12020.5,0.0,20800,13.0,12020.5,0.0
0,20900,INTARIAN_PEPPER_ROOT,12014.0,9.0,12011.0,25.0,,,12027.0,9.0,12030.0,25.0,,,12020.5,0.0,20900,13.0,12020.5,0.0
0,21000,INTARIAN_PEPPER_ROOT,12014.0,12.0,12011.0,18.0,,,12028.0,12.0,12031.0,18.0,,,12021.0,0.0,21000,14.0,12021.0,0.0
0,21100,INTARIAN_PEPPER_ROOT,12015.0,12.0,12012.0,22.0,,,12028.0,12.0,12031.0,22.0,,,12021.5,0.0,21100,13.0,12021.5,0.0
0,21200,INTARIAN_PEPPER_ROOT,12012.0,15.0,,,,,12028.0,8.0,12031.0,15.0,,,12020.0,0.0,21200,16.0,12022.434782608696,0.30434782608695654
0,21300,INTARIAN_PEPPER_ROOT,12015.0,9.0,,,,,12028.0,9.0,12031.0,15.0,,,12021.5,0.0,21300,13.0,12021.5,0.0
0,21400,INTARIAN_PEPPER_ROOT,12012.0,22.0,,,,,12031.0,22.0,,,,,12021.5,0.0,21400,19.0,12021.5,0.0
0,21500,INTARIAN_PEPPER_ROOT,12015.0,9.0,,,,,12028.0,9.0,,,,,12021.5,0.0,21500,13.0,12021.5,0.0
0,21600,INTARIAN_PEPPER_ROOT,12012.0,16.0,,,,,12028.0,8.0,12031.0,16.0,,,12020.0,0.0,21600,16.0,12022.666666666666,0.3333333333333333
0,21700,INTARIAN_PEPPER_ROOT,,,,,,,12028.0,8.0,12031.0,15.0,,,12028.0,0.0,21700,,,
0,21800,INTARIAN_PEPPER_ROOT,12015.0,11.0,12012.0,21.0,,,12028.0,11.0,,,,,12021.5,0.0,21800,13.0,12021.5,0.0
0,21900,INTARIAN_PEPPER_ROOT,12015.0,11.0,,,,,12028.0,11.0,12031.0,19.0,,,12021.5,0.0,21900,13.0,12021.5,0.0
0,22000,INTARIAN_PEPPER_ROOT,12015.0,10.0,12012.0,18.0,,,12029.0,10.0,12032.0,18.0,,,12022.0,0.0,22000,14.0,12022.0,0.0
0,22100,INTARIAN_PEPPER_ROOT,12016.0,11.0,12013.0,22.0,,,12029.0,11.0,12032.0,22.0,,,12022.5,0.0,22100,13.0,12022.5,0.0
0,22200,INTARIAN_PEPPER_ROOT,12016.0,8.0,12013.0,22.0,,,12029.0,8.0,12032.0,22.0,,,12022.5,0.0,22200,13.0,12022.5,0.0
0,22300,INTARIAN_PEPPER_ROOT,12016.0,10.0,12013.0,23.0,,,12032.0,23.0,,,,,12024.0,0.0,22300,16.0,12020.848484848484,-0.3939393939393939
0,22400,INTARIAN_PEPPER_ROOT,12016.0,10.0,,,,,12032.0,17.0,,,,,12024.0,0.0,22400,16.0,12021.925925925925,-0.25925925925925924
0,22500,INTARIAN_PEPPER_ROOT,12016.0,12.0,12013.0,16.0,,,12018.0,4.0,12029.0,12.0,,,12017.0,0.0,22500,2.0,12017.5,0.5
0,22600,INTARIAN_PEPPER_ROOT,12016.0,11.0,12013.0,24.0,,,12029.0,11.0,,,,,12022.5,0.0,22600,13.0,12022.5,0.0
0,22700,INTARIAN_PEPPER_ROOT,12016.0,8.0,,,,,12029.0,8.0,12032.0,18.0,,,12022.5,0.0,22700,13.0,12022.5,0.0
0,22800,INTARIAN_PEPPER_ROOT,12013.0,21.0,,,,,12029.0,10.0,12032.0,21.0,,,12021.0,0.0,22800,16.0,12023.838709677419,0.3548387096774194
0,22900,INTARIAN_PEPPER_ROOT,12016.0,12.0,12013.0,22.0,,,12029.0,12.0,,,,,12022.5,0.0,22900,13.0,12022.5,0.0
0,23000,INTARIAN_PEPPER_ROOT,12016.0,12.0,,,,,12030.0,12.0,12033.0,20.0,,,12023.0,0.0,23000,14.0,12023.0,0.0
0,23100,INTARIAN_PEPPER_ROOT,12014.0,20.0,,,,,12033.0,20.0,,,,,12023.5,0.0,23100,19.0,12023.5,0.0
0,23200,INTARIAN_PEPPER_ROOT,12017.0,9.0,12014.0,15.0,,,12019.0,4.0,12030.0,9.0,12033.0,15.0,12018.0,0.0,23200,2.0,12018.384615384615,0.38461538461538464
0,23300,INTARIAN_PEPPER_ROOT,12017.0,8.0,12014.0,21.0,,,,,,,,,12017.0,0.0,23300,,,
0,23400,INTARIAN_PEPPER_ROOT,12017.0,9.0,12014.0,23.0,,,12030.0,9.0,12033.0,23.0,,,12023.5,0.0,23400,13.0,12023.5,0.0
0,23500,INTARIAN_PEPPER_ROOT,12017.0,10.0,,,,,12030.0,10.0,12033.0,17.0,,,12023.5,0.0,23500,13.0,12023.5,0.0
0,23600,INTARIAN_PEPPER_ROOT,12017.0,8.0,12014.0,20.0,,,,,,,,,12017.0,0.0,23600,,,
0,23700,INTARIAN_PEPPER_ROOT,12017.0,10.0,12014.0,20.0,,,12030.0,10.0,12033.0,20.0,,,12023.5,0.0,23700,13.0,12023.5,0.0
0,23800,INTARIAN_PEPPER_ROOT,12017.0,11.0,12014.0,24.0,,,12030.0,11.0,12033.0,24.0,,,12023.5,0.0,23800,13.0,12023.5,0.0
0,23900,INTARIAN_PEPPER_ROOT,12017.0,10.0,12014.0,20.0,,,12030.0,10.0,12033.0,20.0,,,12023.5,0.0,23900,13.0,12023.5,0.0
0,24000,INTARIAN_PEPPER_ROOT,12017.0,9.0,12014.0,20.0,,,12031.0,9.0,12034.0,20.0,,,12024.0,0.0,24000,14.0,12024.0,0.0
0,24100,INTARIAN_PEPPER_ROOT,12015.0,24.0,,,,,12031.0,11.0,12034.0,24.0,,,12023.0,0.0,24100,16.0,12025.971428571429,0.37142857142857144
0,24200,INTARIAN_PEPPER_ROOT,12018.0,10.0,12015.0,16.0,,,12031.0,10.0,12034.0,16.0,,,12024.5,0.0,24200,13.0,12024.5,0.0
0,24300,INTARIAN_PEPPER_ROOT,12018.0,8.0,12015.0,25.0,,,12031.0,8.0,12034.0,25.0,,,12024.5,0.0,24300,13.0,12024.5,0.0
0,24400,INTARIAN_PEPPER_ROOT,12018.0,8.0,12015.0,25.0,,,12031.0,8.0,12034.0,25.0,,,12024.5,0.0,24400,13.0,12024.5,0.0
0,24500,INTARIAN_PEPPER_ROOT,12018.0,11.0,12015.0,16.0,,,12031.0,11.0,12034.0,16.0,,,12024.5,0.0,24500,13.0,12024.5,0.0
0,24600,INTARIAN_PEPPER_ROOT,12018.0,10.0,12015.0,19.0,,,,,,,,,12018.0,0.0,24600,,,
0,24700,INTARIAN_PEPPER_ROOT,12018.0,9.0,12015.0,25.0,,,12031.0,9.0,,,,,12024.5,0.0,24700,13.0,12024.5,0.0
0,24800,INTARIAN_PEPPER_ROOT,12015.0,25.0,,,,,12031.0,12.0,12034.0,25.0,,,12023.0,0.0,24800,16.0,12025.81081081081,0.35135135135135137
0,24900,INTARIAN_PEPPER_ROOT,12015.0,25.0,,,,,,,,,,,12015.0,0.0,24900,,,
0,25000,INTARIAN_PEPPER_ROOT,12018.0,12.0,12015.0,22.0,,,12032.0,12.0,12035.0,22.0,,,12025.0,0.0,25000,14.0,12025.0,0.0
0,25100,INTARIAN_PEPPER_ROOT,12019.0,10.0,12016.0,19.0,,,,,,,,,12019.0,0.0,25100,,,
0,25200,INTARIAN_PEPPER_ROOT,12019.0,8.0,12016.0,17.0,,,12032.0,8.0,12035.0,17.0,,,12025.5,0.0,25200,13.0,12025.5,0.0
0,25300,INTARIAN_PEPPER_ROOT,12016.0,24.0,,,,,12032.0,12.0,,,,,12024.0,0.0,25300,16.0,12026.666666666666,0.3333333333333333
0,25400,INTARIAN_PEPPER_ROOT,12019.0,11.0,12016.0,17.0,,,12032.0,11.0,12035.0,17.0,,,12025.5,0.0,25400,13.0,12025.5,0.0
0,25500,INTARIAN_PEPPER_ROOT,12019.0,11.0,12016.0,19.0,,,12032.0,11.0,12035.0,19.0,,,12025.5,0.0,25500,13.0,12025.5,0.0
0,25600,INTARIAN_PEPPER_ROOT,12019.0,12.0,12016.0,22.0,,,12032.0,12.0,12035.0,22.0,,,12025.5,0.0,25600,13.0,12025.5,0.0
0,25700,INTARIAN_PEPPER_ROOT,12019.0,9.0,12016.0,17.0,,,12032.0,9.0,12035.0,17.0,,,12025.5,0.0,25700,13.0,12025.5,0.0
0,25800,INTARIAN_PEPPER_ROOT,12019.0,11.0,12016.0,25.0,,,12032.0,11.0,12035.0,25.0,,,12025.5,0.0,25800,13.0,12025.5,0.0
0,25900,INTARIAN_PEPPER_ROOT,12019.0,12.0,12016.0,22.0,,,12032.0,12.0,12035.0,22.0,,,12025.5,0.0,25900,13.0,12025.5,0.0
0,26000,INTARIAN_PEPPER_ROOT,12019.0,8.0,,,,,12033.0,8.0,12036.0,25.0,,,12026.0,0.0,26000,14.0,12026.0,0.0
0,26100,INTARIAN_PEPPER_ROOT,12020.0,9.0,12017.0,16.0,,,12033.0,9.0,12036.0,16.0,,,12026.5,0.0,26100,13.0,12026.5,0.0
0,26200,INTARIAN_PEPPER_ROOT,12017.0,24.0,,,,,12033.0,9.0,12036.0,24.0,,,12025.0,0.0,26200,16.0,12028.636363636364,0.45454545454545453
0,26300,INTARIAN_PEPPER_ROOT,12020.0,9.0,12017.0,23.0,,,12033.0,9.0,12036.0,23.0,,,12026.5,0.0,26300,13.0,12026.5,0.0
0,26400,INTARIAN_PEPPER_ROOT,12020.0,11.0,12017.0,21.0,,,12033.0,11.0,12036.0,21.0,,,12026.5,0.0,26400,13.0,12026.5,0.0
0,26500,INTARIAN_PEPPER_ROOT,12017.0,23.0,,,,,12033.0,11.0,12036.0,23.0,,,12025.0,0.0,26500,16.0,12027.823529411764,0.35294117647058826
0,26600,INTARIAN_PEPPER_ROOT,12020.0,12.0,12017.0,16.0,,,12033.0,12.0,,,,,12026.5,0.0,26600,13.0,12026.5,0.0
0,26700,INTARIAN_PEPPER_ROOT,12020.0,10.0,12017.0,20.0,,,12033.0,10.0,12036.0,20.0,,,12026.5,0.0,26700,13.0,12026.5,0.0
0,26800,INTARIAN_PEPPER_ROOT,12020.0,11.0,12017.0,25.0,,,12036.0,25.0,,,,,12028.0,0.0,26800,16.0,12024.888888888889,-0.3888888888888889
0,26900,INTARIAN_PEPPER_ROOT,12020.0,8.0,,,,,12033.0,8.0,12036.0,15.0,,,12026.5,0.0,26900,13.0,12026.5,0.0
0,27000,INTARIAN_PEPPER_ROOT,12020.0,9.0,12017.0,17.0,,,12037.0,17.0,,,,,12028.5,0.0,27000,17.0,12025.884615384615,-0.3076923076923077
0,27100,INTARIAN_PEPPER_ROOT,12021.0,9.0,,,,,,,,,,,12021.0,0.0,27100,,,
0,27200,INTARIAN_PEPPER_ROOT,12021.0,8.0,12018.0,23.0,,,,,,,,,12021.0,0.0,27200,,,
0,27300,INTARIAN_PEPPER_ROOT,12021.0,9.0,12018.0,21.0,,,12023.0,3.0,12037.0,21.0,,,12022.0,0.0,27300,2.0,12022.5,0.5
0,27400,INTARIAN_PEPPER_ROOT,12021.0,9.0,12018.0,16.0,,,12034.0,9.0,,,,,12027.5,0.0,27400,13.0,12027.5,0.0
0,27500,INTARIAN_PEPPER_ROOT,12021.0,8.0,,,,,12034.0,8.0,12037.0,15.0,,,12027.5,0.0,27500,13.0,12027.5,0.0
0,27600,INTARIAN_PEPPER_ROOT,12021.0,9.0,12018.0,21.0,,,12034.0,9.0,12037.0,21.0,,,12027.5,0.0,27600,13.0,12027.5,0.0
0,27700,INTARIAN_PEPPER_ROOT,12021.0,11.0,12018.0,19.0,,,12030.0,12.0,12037.0,19.0,,,12025.5,0.0,27700,9.0,12025.304347826086,-0.043478260869565216
0,27800,INTARIAN_PEPPER_ROOT,12021.0,9.0,12018.0,22.0,,,12034.0,9.0,12037.0,22.0,,,12027.5,0.0,27800,13.0,12027.5,0.0
0,27900,INTARIAN_PEPPER_ROOT,12021.0,10.0,12018.0,15.0,,,12034.0,10.0,12037.0,15.0,,,12027.5,0.0,27900,13.0,12027.5,0.0
0,28000,INTARIAN_PEPPER_ROOT,12018.0,18.0,,,,,,,,,,,12018.0,0.0,28000,,,
0,28100,INTARIAN_PEPPER_ROOT,12022.0,9.0,,,,,12038.0,22.0,,,,,12030.0,0.0,28100,16.0,12026.645161290322,-0.41935483870967744
0,28200,INTARIAN_PEPPER_ROOT,12022.0,9.0,12019.0,15.0,,,12035.0,9.0,12038.0,15.0,,,12028.5,0.0,28200,13.0,12028.5,0.0
0,28300,INTARIAN_PEPPER_ROOT,12022.0,10.0,12019.0,18.0,,,12035.0,10.0,,,,,12028.5,0.0,28300,13.0,12028.5,0.0
0,28400,INTARIAN_PEPPER_ROOT,12022.0,10.0,12019.0,18.0,,,12024.0,8.0,12035.0,10.0,12038.0,18.0,12023.0,0.0,28400,2.0,12023.111111111111,0.1111111111111111
0,28500,INTARIAN_PEPPER_ROOT,12019.0,16.0,,,,,12035.0,9.0,12038.0,16.0,,,12027.0,0.0,28500,16.0,12029.24,0.28
0,28600,INTARIAN_PEPPER_ROOT,12019.0,23.0,,,,,12035.0,11.0,12038.0,23.0,,,12027.0,0.0,28600,16.0,12029.823529411764,0.35294117647058826
0,28700,INTARIAN_PEPPER_ROOT,12022.0,10.0,12019.0,25.0,,,12035.0,10.0,,,,,12028.5,0.0,28700,13.0,12028.5,0.0
0,28800,INTARIAN_PEPPER_ROOT,12022.0,10.0,12019.0,23.0,,,12035.0,10.0,,,,,12028.5,0.0,28800,13.0,12028.5,0.0
0,28900,INTARIAN_PEPPER_ROOT,12019.0,22.0,,,,,12035.0,8.0,12038.0,22.0,,,12027.0,0.0,28900,16.0,12030.733333333334,0.4666666666666667
0,29000,INTARIAN_PEPPER_ROOT,12022.0,9.0,12019.0,18.0,,,12036.0,9.0,12039.0,18.0,,,12029.0,0.0,29000,14.0,12029.0,0.0
0,29100,INTARIAN_PEPPER_ROOT,12023.0,8.0,,,,,12036.0,8.0,12039.0,17.0,,,12029.5,0.0,29100,13.0,12029.5,0.0
0,29200,INTARIAN_PEPPER_ROOT,12023.0,11.0,12020.0,23.0,,,12036.0,11.0,,,,,12029.5,0.0,29200,13.0,12029.5,0.0
0,29300,INTARIAN_PEPPER_ROOT,12020.0,18.0,,,,,12039.0,18.0,,,,,12029.5,0.0,29300,19.0,12029.5,0.0
0,29400,INTARIAN_PEPPER_ROOT,12020.0,23.0,,,,,12039.0,23.0,,,,,12029.5,0.0,29400,19.0,12029.5,0.0
0,29500,INTARIAN_PEPPER_ROOT,12020.0,21.0,,,,,12036.0,11.0,12039.0,21.0,,,12028.0,0.0,29500,16.0,12030.5,0.3125
0,29600,INTARIAN_PEPPER_ROOT,12023.0,10.0,12020.0,20.0,,,12039.0,20.0,,,,,12031.0,0.0,29600,16.0,12028.333333333334,-0.3333333333333333
0,29700,INTARIAN_PEPPER_ROOT,12023.0,12.0,12020.0,22.0,,,12036.0,12.0,12039.0,22.0,,,12029.5,0.0,29700,13.0,12029.5,0.0
0,29800,INTARIAN_PEPPER_ROOT,12033.0,4.0,12020.0,16.0,,,12036.0,8.0,12039.0,16.0,,,12034.5,0.0,29800,3.0,12034.0,-0.3333333333333333
0,29900,INTARIAN_PEPPER_ROOT,12023.0,8.0,,,,,12036.0,8.0,12039.0,22.0,,,12029.5,0.0,29900,13.0,12029.5,0.0
0,30000,INTARIAN_PEPPER_ROOT,12023.0,8.0,,,,,12037.0,8.0,12040.0,19.0,,,12030.0,0.0,30000,14.0,12030.0,0.0
0,30100,INTARIAN_PEPPER_ROOT,12024.0,8.0,,,,,12037.0,8.0,12040.0,19.0,,,12030.5,0.0,30100,13.0,12030.5,0.0
0,30200,INTARIAN_PEPPER_ROOT,12024.0,8.0,12021.0,25.0,,,12037.0,8.0,12040.0,25.0,,,12030.5,0.0,30200,13.0,12030.5,0.0
0,30300,INTARIAN_PEPPER_ROOT,12024.0,10.0,,,,,12037.0,10.0,12040.0,15.0,,,12030.5,0.0,30300,13.0,12030.5,0.0
0,30400,INTARIAN_PEPPER_ROOT,12024.0,9.0,12021.0,23.0,,,12037.0,9.0,,,,,12030.5,0.0,30400,13.0,12030.5,0.0
0,30500,INTARIAN_PEPPER_ROOT,12024.0,9.0,12021.0,21.0,,,12037.0,9.0,12040.0,21.0,,,12030.5,0.0,30500,13.0,12030.5,0.0
0,30600,INTARIAN_PEPPER_ROOT,12024.0,9.0,12021.0,18.0,,,12037.0,9.0,,,,,12030.5,0.0,30600,13.0,12030.5,0.0
0,30700,INTARIAN_PEPPER_ROOT,12024.0,10.0,,,,,12037.0,10.0,,,,,12030.5,0.0,30700,13.0,12030.5,0.0
0,30800,INTARIAN_PEPPER_ROOT,12024.0,9.0,12021.0,22.0,,,12037.0,9.0,12040.0,22.0,,,12030.5,0.0,30800,13.0,12030.5,0.0
0,30900,INTARIAN_PEPPER_ROOT,12024.0,10.0,12021.0,17.0,,,,,,,,,12024.0,0.0,30900,,,
0,31000,INTARIAN_PEPPER_ROOT,12024.0,10.0,,,,,,,,,,,12024.0,0.0,31000,,,
0,31100,INTARIAN_PEPPER_ROOT,12025.0,9.0,,,,,12038.0,9.0,12041.0,21.0,,,12031.5,0.0,31100,13.0,12031.5,0.0
0,31200,INTARIAN_PEPPER_ROOT,12025.0,9.0,12022.0,22.0,,,12038.0,9.0,12041.0,22.0,,,12031.5,0.0,31200,13.0,12031.5,0.0
0,31300,INTARIAN_PEPPER_ROOT,12025.0,11.0,12022.0,15.0,,,12038.0,11.0,,,,,12031.5,0.0,31300,13.0,12031.5,0.0
0,31400,INTARIAN_PEPPER_ROOT,12025.0,12.0,,,,,12038.0,12.0,12041.0,16.0,,,12031.5,0.0,31400,13.0,12031.5,0.0
0,31500,INTARIAN_PEPPER_ROOT,12025.0,9.0,12022.0,22.0,,,12041.0,22.0,,,,,12033.0,0.0,31500,16.0,12029.645161290322,-0.41935483870967744
0,31600,INTARIAN_PEPPER_ROOT,12025.0,11.0,12022.0,24.0,,,12038.0,11.0,12041.0,24.0,,,12031.5,0.0,31600,13.0,12031.5,0.0
0,31700,INTARIAN_PEPPER_ROOT,12025.0,8.0,12022.0,25.0,,,12038.0,8.0,12041.0,25.0,,,12031.5,0.0,31700,13.0,12031.5,0.0
0,31800,INTARIAN_PEPPER_ROOT,12025.0,10.0,12022.0,23.0,,,12038.0,10.0,12041.0,23.0,,,12031.5,0.0,31800,13.0,12031.5,0.0
0,31900,INTARIAN_PEPPER_ROOT,12025.0,10.0,12022.0,22.0,,,12038.0,10.0,12041.0,22.0,,,12031.5,0.0,31900,13.0,12031.5,0.0
0,32000,INTARIAN_PEPPER_ROOT,12022.0,24.0,,,,,12039.0,8.0,12042.0,24.0,,,12030.5,0.0,32000,17.0,12034.75,0.5
0,32100,INTARIAN_PEPPER_ROOT,12026.0,9.0,12023.0,24.0,,,12039.0,9.0,12042.0,24.0,,,12032.5,0.0,32100,13.0,12032.5,0.0
0,32200,INTARIAN_PEPPER_ROOT,12026.0,11.0,,,,,12039.0,11.0,12042.0,15.0,,,12032.5,0.0,32200,13.0,12032.5,0.0
0,32300,INTARIAN_PEPPER_ROOT,12023.0,22.0,,,,,12039.0,12.0,12042.0,22.0,,,12031.0,0.0,32300,16.0,12033.35294117647,0.29411764705882354
0,32400,INTARIAN_PEPPER_ROOT,12026.0,11.0,12023.0,23.0,,,12039.0,11.0,12042.0,23.0,,,12032.5,0.0,32400,13.0,12032.5,0.0
0,32500,INTARIAN_PEPPER_ROOT,12026.0,9.0,12023.0,16.0,,,12039.0,9.0,12042.0,16.0,,,12032.5,0.0,32500,13.0,12032.5,0.0
0,32600,INTARIAN_PEPPER_ROOT,12023.0,22.0,,,,,12039.0,12.0,,,,,12031.0,0.0,32600,16.0,12033.35294117647,0.29411764705882354
0,32700,INTARIAN_PEPPER_ROOT,12026.0,10.0,12023.0,17.0,,,12039.0,10.0,12042.0,17.0,,,12032.5,0.0,32700,13.0,12032.5,0.0
0,32800,INTARIAN_PEPPER_ROOT,12026.0,9.0,,,,,12042.0,25.0,,,,,12034.0,0.0,32800,16.0,12030.235294117647,-0.47058823529411764
0,32900,INTARIAN_PEPPER_ROOT,12026.0,9.0,,,,,12039.0,9.0,12042.0,23.0,,,12032.5,0.0,32900,13.0,12032.5,0.0
0,33000,INTARIAN_PEPPER_ROOT,12023.0,22.0,,,,,12043.0,22.0,,,,,12033.0,0.0,33000,20.0,12033.0,0.0
0,33100,INTARIAN_PEPPER_ROOT,12027.0,8.0,12024.0,15.0,,,12040.0,8.0,12043.0,15.0,,,12033.5,0.0,33100,13.0,12033.5,0.0
0,33200,INTARIAN_PEPPER_ROOT,12024.0,25.0,,,,,12040.0,8.0,12043.0,25.0,,,12032.0,0.0,33200,16.0,12036.121212121212,0.5151515151515151
0,33300,INTARIAN_PEPPER_ROOT,12036.0,6.0,12027.0,10.0,12024.0,20.0,12040.0,10.0,12043.0,20.0,,,12038.0,0.0,33300,4.0,12037.5,-0.25
0,33400,INTARIAN_PEPPER_ROOT,12024.0,24.0,,,,,12040.0,10.0,,,,,12032.0,0.0,33400,16.0,12035.29411764706,0.4117647058823529
0,33500,INTARIAN_PEPPER_ROOT,12027.0,8.0,12024.0,19.0,,,12040.0,8.0,12043.0,19.0,,,12033.5,0.0,33500,13.0,12033.5,0.0
0,33600,INTARIAN_PEPPER_ROOT,12027.0,10.0,,,,,12040.0,10.0,,,,,12033.5,0.0,33600,13.0,12033.5,0.0
0,33700,INTARIAN_PEPPER_ROOT,,,,,,,,,,,,,0.0,0.0,33700,,,
0,33800,INTARIAN_PEPPER_ROOT,12027.0,9.0,,,,,12040.0,9.0,12043.0,15.0,,,12033.5,0.0,33800,13.0,12033.5,0.0
0,33900,INTARIAN_PEPPER_ROOT,12027.0,9.0,12024.0,23.0,,,12040.0,9.0,12043.0,23.0,,,12033.5,0.0,33900,13.0,12033.5,0.0
0,34000,INTARIAN_PEPPER_ROOT,12027.0,9.0,,,,,12041.0,9.0,12044.0,22.0,,,12034.0,0.0,34000,14.0,12034.0,0.0
0,34100,INTARIAN_PEPPER_ROOT,12028.0,12.0,12025.0,22.0,,,12041.0,12.0,12044.0,22.0,,,12034.5,0.0,34100,13.0,12034.5,0.0
0,34200,INTARIAN_PEPPER_ROOT,,,,,,,12041.0,11.0,12044.0,21.0,,,12041.0,0.0,34200,,,
0,34300,INTARIAN_PEPPER_ROOT,,,,,,,12041.0,10.0,12044.0,17.0,,,12041.0,0.0,34300,,,
0,34400,INTARIAN_PEPPER_ROOT,12028.0,11.0,12025.0,21.0,,,12041.0,11.0,12044.0,21.0,,,12034.5,0.0,34400,13.0,12034.5,0.0
0,34500,INTARIAN_PEPPER_ROOT,,,,,,,12041.0,11.0,12044.0,17.0,,,12041.0,0.0,34500,,,
0,34600,INTARIAN_PEPPER_ROOT,12028.0,12.0,12025.0,15.0,,,12041.0,12.0,12044.0,15.0,,,12034.5,0.0,34600,13.0,12034.5,0.0
0,34700,INTARIAN_PEPPER_ROOT,12028.0,8.0,12025.0,16.0,,,12044.0,16.0,,,,,12036.0,0.0,34700,16.0,12033.333333333334,-0.3333333333333333
0,34800,INTARIAN_PEPPER_ROOT,12028.0,11.0,12025.0,19.0,,,12044.0,19.0,,,,,12036.0,0.0,34800,16.0,12033.866666666667,-0.26666666666666666
0,34900,INTARIAN_PEPPER_ROOT,12028.0,8.0,12025.0,24.0,,,12041.0,8.0,12044.0,24.0,,,12034.5,0.0,34900,13.0,12034.5,0.0
0,35000,INTARIAN_PEPPER_ROOT,12028.0,9.0,12025.0,22.0,,,12042.0,9.0,12045.0,22.0,,,12035.0,0.0,35000,14.0,12035.0,0.0
0,35100,INTARIAN_PEPPER_ROOT,12026.0,22.0,,,,,12042.0,11.0,12045.0,22.0,,,12034.0,0.0,35100,16.0,12036.666666666666,0.3333333333333333
0,35200,INTARIAN_PEPPER_ROOT,12026.0,17.0,,,,,12045.0,17.0,,,,,12035.5,0.0,35200,19.0,12035.5,0.0
0,35300,INTARIAN_PEPPER_ROOT,12029.0,11.0,12026.0,20.0,,,12042.0,11.0,,,,,12035.5,0.0,35300,13.0,12035.5,0.0
0,35400,INTARIAN_PEPPER_ROOT,12026.0,19.0,,,,,12042.0,11.0,,,,,12034.0,0.0,35400,16.0,12036.133333333333,0.26666666666666666
0,35500,INTARIAN_PEPPER_ROOT,,,,,,,12042.0,8.0,,,,,12042.0,0.0,35500,,,
0,35600,INTARIAN_PEPPER_ROOT,12029.0,11.0,12026.0,19.0,,,12042.0,11.0,12045.0,19.0,,,12035.5,0.0,35600,13.0,12035.5,0.0
0,35700,INTARIAN_PEPPER_ROOT,12026.0,18.0,,,,,12045.0,18.0,,,,,12035.5,0.0,35700,19.0,12035.5,0.0
0,35800,INTARIAN_PEPPER_ROOT,12029.0,9.0,12026.0,17.0,,,12042.0,9.0,12045.0,17.0,,,12035.5,0.0,35800,13.0,12035.5,0.0
0,35900,INTARIAN_PEPPER_ROOT,12026.0,24.0,,,,,12042.0,10.0,12045.0,24.0,,,12034.0,0.0,35900,16.0,12037.29411764706,0.4117647058823529
0,36000,INTARIAN_PEPPER_ROOT,12029.0,8.0,12026.0,15.0,,,12046.0,15.0,,,,,12037.5,0.0,36000,17.0,12034.91304347826,-0.30434782608695654
0,36100,INTARIAN_PEPPER_ROOT,12030.0,9.0,12027.0,23.0,,,12043.0,9.0,12046.0,23.0,,,12036.5,0.0,36100,13.0,12036.5,0.0
0,36200,INTARIAN_PEPPER_ROOT,12030.0,8.0,12027.0,16.0,,,12043.0,8.0,,,,,12036.5,0.0,36200,13.0,12036.5,0.0
0,36300,INTARIAN_PEPPER_ROOT,12030.0,9.0,12027.0,20.0,,,12043.0,9.0,12046.0,20.0,,,12036.5,0.0,36300,13.0,12036.5,0.0
0,36400,INTARIAN_PEPPER_ROOT,12030.0,8.0,,,,,12043.0,8.0,12046.0,18.0,,,12036.5,0.0,36400,13.0,12036.5,0.0
0,36500,INTARIAN_PEPPER_ROOT,12030.0,9.0,,,,,12032.0,7.0,12046.0,17.0,,,12031.0,0.0,36500,2.0,12031.125,0.125
0,36600,INTARIAN_PEPPER_ROOT,12030.0,11.0,,,,,12046.0,18.0,,,,,12038.0,0.0,36600,16.0,12036.068965517241,-0.2413793103448276
0,36700,INTARIAN_PEPPER_ROOT,12030.0,12.0,12027.0,20.0,,,12043.0,12.0,12046.0,20.0,,,12036.5,0.0,36700,13.0,12036.5,0.0
0,36800,INTARIAN_PEPPER_ROOT,12027.0,22.0,,,,,12033.0,7.0,12043.0,8.0,12046.0,22.0,12030.0,0.0,36800,6.0,12031.551724137931,0.5172413793103449
0,36900,INTARIAN_PEPPER_ROOT,12030.0,8.0,,,,,12043.0,8.0,12046.0,21.0,,,12036.5,0.0,36900,13.0,12036.5,0.0
0,37000,INTARIAN_PEPPER_ROOT,12030.0,10.0,12027.0,25.0,,,12044.0,10.0,,,,,12037.0,0.0,37000,14.0,12037.0,0.0
0,37100,INTARIAN_PEPPER_ROOT,12031.0,12.0,,,,,12044.0,12.0,,,,,12037.5,0.0,37100,13.0,12037.5,0.0
0,37200,INTARIAN_PEPPER_ROOT,12031.0,9.0,12028.0,19.0,,,12044.0,9.0,12047.0,19.0,,,12037.5,0.0,37200,13.0,12037.5,0.0
0,37300,INTARIAN_PEPPER_ROOT,12031.0,8.0,12028.0,19.0,,,12033.0,5.0,12044.0,8.0,12047.0,19.0,12032.0,0.0,37300,2.0,12032.23076923077,0.23076923076923078
0,37400,INTARIAN_PEPPER_ROOT,12031.0,11.0,12028.0,18.0,,,12047.0,18.0,,,,,12039.0,0.0,37400,16.0,12037.068965517241,-0.2413793103448276
0,37500,INTARIAN_PEPPER_ROOT,12031.0,8.0,,,,,12044.0,8.0,12047.0,17.0,,,12037.5,0.0,37500,13.0,12037.5,0.0
0,37600,INTARIAN_PEPPER_ROOT,12031.0,8.0,12028.0,20.0,,,12044.0,8.0,,,,,12037.5,0.0,37600,13.0,12037.5,0.0
0,37700,INTARIAN_PEPPER_ROOT,12031.0,12.0,12028.0,20.0,,,12044.0,12.0,12047.0,20.0,,,12037.5,0.0,37700,13.0,12037.5,0.0
0,37800,INTARIAN_PEPPER_ROOT,12031.0,11.0,12028.0,17.0,,,12044.0,11.0,12047.0,17.0,,,12037.5,0.0,37800,13.0,12037.5,0.0
0,37900,INTARIAN_PEPPER_ROOT,12031.0,11.0,12028.0,22.0,,,12044.0,11.0,12047.0,22.0,,,12037.5,0.0,37900,13.0,12037.5,0.0
0,38000,INTARIAN_PEPPER_ROOT,12031.0,9.0,12028.0,23.0,,,12045.0,9.0,,,,,12038.0,0.0,38000,14.0,12038.0,0.0
0,38100,INTARIAN_PEPPER_ROOT,12032.0,8.0,12029.0,21.0,,,12048.0,21.0,,,,,12040.0,0.0,38100,16.0,12036.413793103447,-0.4482758620689655
0,38200,INTARIAN_PEPPER_ROOT,12032.0,11.0,12029.0,24.0,,,12034.0,5.0,12045.0,11.0,,,12033.0,0.0,38200,2.0,12033.375,0.375
0,38300,INTARIAN_PEPPER_ROOT,,,,,,,12045.0,9.0,12048.0,24.0,,,12045.0,0.0,38300,,,
0,38400,INTARIAN_PEPPER_ROOT,12042.0,3.0,12032.0,10.0,12029.0,15.0,12045.0,10.0,12048.0,15.0,,,12043.5,0.0,38400,3.0,12042.692307692309,-0.5384615384615384
0,38500,INTARIAN_PEPPER_ROOT,,,,,,,12045.0,9.0,12048.0,24.0,,,12045.0,0.0,38500,,,
0,38600,INTARIAN_PEPPER_ROOT,12032.0,8.0,12029.0,22.0,,,12045.0,8.0,,,,,12038.5,0.0,38600,13.0,12038.5,0.0
0,38700,INTARIAN_PEPPER_ROOT,12032.0,10.0,12029.0,16.0,,,12045.0,10.0,12048.0,16.0,,,12038.5,0.0,38700,13.0,12038.5,0.0
0,38800,INTARIAN_PEPPER_ROOT,12029.0,15.0,,,,,12048.0,15.0,,,,,12038.5,0.0,38800,19.0,12038.5,0.0
0,38900,INTARIAN_PEPPER_ROOT,12032.0,8.0,12029.0,23.0,,,12045.0,8.0,12048.0,23.0,,,12038.5,0.0,38900,13.0,12038.5,0.0
0,39000,INTARIAN_PEPPER_ROOT,12032.0,8.0,12029.0,25.0,,,12046.0,8.0,12049.0,25.0,,,12039.0,0.0,39000,14.0,12039.0,0.0
0,39100,INTARIAN_PEPPER_ROOT,12033.0,12.0,,,,,12046.0,12.0,12049.0,22.0,,,12039.5,0.0,39100,13.0,12039.5,0.0
0,39200,INTARIAN_PEPPER_ROOT,12033.0,11.0,,,,,,,,,,,12033.0,0.0,39200,,,
0,39300,INTARIAN_PEPPER_ROOT,12033.0,10.0,12030.0,21.0,,,12041.0,6.0,12049.0,21.0,,,12037.0,0.0,39300,8.0,12038.0,0.25
0,39400,INTARIAN_PEPPER_ROOT,12033.0,9.0,12030.0,25.0,,,12049.0,25.0,,,,,12041.0,0.0,39400,16.0,12037.235294117647,-0.47058823529411764
0,39500,INTARIAN_PEPPER_ROOT,12033.0,11.0,12030.0,22.0,,,12046.0,11.0,12049.0,22.0,,,12039.5,0.0,39500,13.0,12039.5,0.0
0,39600,INTARIAN_PEPPER_ROOT,12033.0,10.0,12030.0,17.0,,,12046.0,10.0,12049.0,17.0,,,12039.5,0.0,39600,13.0,12039.5,0.0
0,39700,INTARIAN_PEPPER_ROOT,12033.0,11.0,,,,,12046.0,11.0,,,,,12039.5,0.0,39700,13.0,12039.5,0.0
0,39800,INTARIAN_PEPPER_ROOT,12033.0,11.0,12030.0,15.0,,,12046.0,11.0,,,,,12039.5,0.0,39800,13.0,12039.5,0.0
0,39900,INTARIAN_PEPPER_ROOT,12033.0,12.0,12030.0,25.0,,,12036.0,8.0,12046.0,12.0,12049.0,25.0,12034.5,0.0,39900,3.0,12034.8,0.2
0,40000,INTARIAN_PEPPER_ROOT,12033.0,12.0,12030.0,18.0,,,12042.0,9.0,12047.0,12.0,12050.0,18.0,12037.5,0.0,40000,9.0,12038.142857142857,0.14285714285714285
0,40100,INTARIAN_PEPPER_ROOT,12031.0,16.0,,,,,12047.0,8.0,12050.0,16.0,,,12039.0,0.0,40100,16.0,12041.666666666666,0.3333333333333333
0,40200,INTARIAN_PEPPER_ROOT,12031.0,22.0,,,,,12047.0,8.0,12050.0,22.0,,,12039.0,0.0,40200,16.0,12042.733333333334,0.4666666666666667
0,40300,INTARIAN_PEPPER_ROOT,12034.0,8.0,12031.0,15.0,,,12050.0,15.0,,,,,12042.0,0.0,40300,16.0,12039.565217391304,-0.30434782608695654
0,40400,INTARIAN_PEPPER_ROOT,12034.0,11.0,12031.0,18.0,,,12047.0,11.0,12050.0,18.0,,,12040.5,0.0,40400,13.0,12040.5,0.0
0,40500,INTARIAN_PEPPER_ROOT,12034.0,8.0,12031.0,22.0,,,12036.0,7.0,12047.0,8.0,,,12035.0,0.0,40500,2.0,12035.066666666668,0.06666666666666667
0,40600,INTARIAN_PEPPER_ROOT,12038.0,11.0,12034.0,12.0,12031.0,22.0,12047.0,12.0,12050.0,22.0,,,12042.5,0.0,40600,9.0,12042.304347826086,-0.043478260869565216
0,40700,INTARIAN_PEPPER_ROOT,12034.0,11.0,12031.0,18.0,,,12047.0,11.0,12050.0,18.0,,,12040.5,0.0,40700,13.0,12040.5,0.0
0,40800,INTARIAN_PEPPER_ROOT,12034.0,10.0,12031.0,18.0,,,12047.0,10.0,12050.0,18.0,,,12040.5,0.0,40800,13.0,12040.5,0.0
0,40900,INTARIAN_PEPPER_ROOT,,,,,,,12050.0,17.0,,,,,12050.0,0.0,40900,,,
0,41000,INTARIAN_PEPPER_ROOT,12034.0,11.0,12031.0,24.0,,,12051.0,24.0,,,,,12042.5,0.0,41000,17.0,12039.342857142858,-0.37142857142857144
0,41100,INTARIAN_PEPPER_ROOT,12032.0,22.0,,,,,12051.0,22.0,,,,,12041.5,0.0,41100,19.0,12041.5,0.0
0,41200,INTARIAN_PEPPER_ROOT,12032.0,24.0,,,,,12043.0,7.0,,,,,12037.5,0.0,41200,11.0,12040.516129032258,0.5483870967741935
0,41300,INTARIAN_PEPPER_ROOT,12035.0,10.0,,,,,12048.0,10.0,12051.0,22.0,,,12041.5,0.0,41300,13.0,12041.5,0.0
0,41400,INTARIAN_PEPPER_ROOT,12035.0,12.0,12032.0,19.0,,,12048.0,12.0,12051.0,19.0,,,12041.5,0.0,41400,13.0,12041.5,0.0
0,41500,INTARIAN_PEPPER_ROOT,12032.0,15.0,,,,,12051.0,15.0,,,,,12041.5,0.0,41500,19.0,12041.5,0.0
0,41600,INTARIAN_PEPPER_ROOT,12035.0,9.0,12032.0,23.0,,,12048.0,9.0,12051.0,23.0,,,12041.5,0.0,41600,13.0,12041.5,0.0
0,41700,INTARIAN_PEPPER_ROOT,12035.0,12.0,12032.0,19.0,,,12048.0,12.0,12051.0,19.0,,,12041.5,0.0,41700,13.0,12041.5,0.0
0,41800,INTARIAN_PEPPER_ROOT,12039.0,10.0,12035.0,12.0,12032.0,21.0,12048.0,12.0,12051.0,21.0,,,12043.5,0.0,41800,9.0,12043.09090909091,-0.09090909090909091
0,41900,INTARIAN_PEPPER_ROOT,12032.0,21.0,,,,,,,,,,,12032.0,0.0,41900,,,
0,42000,INTARIAN_PEPPER_ROOT,12035.0,9.0,,,,,12049.0,9.0,12052.0,15.0,,,12042.0,0.0,42000,14.0,12042.0,0.0
0,42100,INTARIAN_PEPPER_ROOT,12036.0,12.0,,,,,12049.0,12.0,12052.0,15.0,,,12042.5,0.0,42100,13.0,12042.5,0.0
0,42200,INTARIAN_PEPPER_ROOT,12036.0,12.0,12033.0,17.0,,,12049.0,12.0,12052.0,17.0,,,12042.5,0.0,42200,13.0,12042.5,0.0
0,42300,INTARIAN_PEPPER_ROOT,12036.0,12.0,12033.0,25.0,,,12049.0,12.0,12052.0,25.0,,,12042.5,0.0,42300,13.0,12042.5,0.0
0,42400,INTARIAN_PEPPER_ROOT,12036.0,12.0,,,,,12049.0,12.0,12052.0,16.0,,,12042.5,0.0,42400,13.0,12042.5,0.0
0,42500,INTARIAN_PEPPER_ROOT,12036.0,10.0,,,,,12049.0,10.0,12052.0,15.0,,,12042.5,0.0,42500,13.0,12042.5,0.0
0,42600,INTARIAN_PEPPER_ROOT,12036.0,10.0,12033.0,22.0,,,12049.0,10.0,12052.0,22.0,,,12042.5,0.0,42600,13.0,12042.5,0.0
0,42700,INTARIAN_PEPPER_ROOT,12036.0,8.0,,,,,12049.0,8.0,12052.0,25.0,,,12042.5,0.0,42700,13.0,12042.5,0.0
0,42800,INTARIAN_PEPPER_ROOT,12036.0,12.0,12033.0,21.0,,,12052.0,21.0,,,,,12044.0,0.0,42800,16.0,12041.818181818182,-0.2727272727272727
0,42900,INTARIAN_PEPPER_ROOT,12036.0,10.0,12033.0,16.0,,,12049.0,10.0,12052.0,16.0,,,12042.5,0.0,42900,13.0,12042.5,0.0
0,43000,INTARIAN_PEPPER_ROOT,12036.0,8.0,,,,,12050.0,8.0,12053.0,23.0,,,12043.0,0.0,43000,14.0,12043.0,0.0
0,43100,INTARIAN_PEPPER_ROOT,12040.0,12.0,12037.0,9.0,12034.0,19.0,12050.0,9.0,,,,,12045.0,0.0,43100,10.0,12045.714285714286,0.14285714285714285
0,43200,INTARIAN_PEPPER_ROOT,12037.0,11.0,12034.0,16.0,,,12050.0,11.0,12053.0,16.0,,,12043.5,0.0,43200,13.0,12043.5,0.0
0,43300,INTARIAN_PEPPER_ROOT,12037.0,11.0,12034.0,20.0,,,12050.0,11.0,12053.0,20.0,,,12043.5,0.0,43300,13.0,12043.5,0.0
0,43400,INTARIAN_PEPPER_ROOT,12034.0,22.0,,,,,,,,,,,12034.0,0.0,43400,,,
0,43500,INTARIAN_PEPPER_ROOT,12037.0,10.0,,,,,12053.0,16.0,,,,,12045.0,0.0,43500,16.0,12043.153846153846,-0.23076923076923078
0,43600,INTARIAN_PEPPER_ROOT,12037.0,10.0,12034.0,16.0,,,12050.0,10.0,12053.0,16.0,,,12043.5,0.0,43600,13.0,12043.5,0.0
0,43700,INTARIAN_PEPPER_ROOT,,,,,,,12050.0,12.0,,,,,12050.0,0.0,43700,,,
0,43800,INTARIAN_PEPPER_ROOT,12034.0,23.0,,,,,12050.0,11.0,,,,,12042.0,0.0,43800,16.0,12044.823529411764,0.35294117647058826
0,43900,INTARIAN_PEPPER_ROOT,,,,,,,12050.0,8.0,,,,,12050.0,0.0,43900,,,
0,44000,INTARIAN_PEPPER_ROOT,12037.0,12.0,12034.0,18.0,,,12051.0,12.0,12054.0,18.0,,,12044.0,0.0,44000,14.0,12044.0,0.0
0,44100,INTARIAN_PEPPER_ROOT,12035.0,20.0,,,,,12051.0,12.0,12054.0,20.0,,,12043.0,0.0,44100,16.0,12045.0,0.25
0,44200,INTARIAN_PEPPER_ROOT,12038.0,10.0,12035.0,24.0,,,,,,,,,12038.0,0.0,44200,,,
0,44300,INTARIAN_PEPPER_ROOT,12035.0,17.0,,,,,12051.0,9.0,12054.0,17.0,,,12043.0,0.0,44300,16.0,12045.461538461539,0.3076923076923077
0,44400,INTARIAN_PEPPER_ROOT,12038.0,9.0,12035.0,24.0,,,12051.0,9.0,12054.0,24.0,,,12044.5,0.0,44400,13.0,12044.5,0.0
0,44500,INTARIAN_PEPPER_ROOT,12038.0,12.0,12035.0,25.0,,,12051.0,12.0,12054.0,25.0,,,12044.5,0.0,44500,13.0,12044.5,0.0
0,44600,INTARIAN_PEPPER_ROOT,12038.0,8.0,12035.0,23.0,,,12051.0,8.0,12054.0,23.0,,,12044.5,0.0,44600,13.0,12044.5,0.0
0,44700,INTARIAN_PEPPER_ROOT,12035.0,25.0,,,,,12051.0,9.0,,,,,12043.0,0.0,44700,16.0,12046.764705882353,0.47058823529411764
0,44800,INTARIAN_PEPPER_ROOT,12038.0,9.0,12035.0,17.0,,,12051.0,9.0,,,,,12044.5,0.0,44800,13.0,12044.5,0.0
0,44900,INTARIAN_PEPPER_ROOT,12038.0,11.0,12035.0,16.0,,,12051.0,11.0,12054.0,16.0,,,12044.5,0.0,44900,13.0,12044.5,0.0
0,45000,INTARIAN_PEPPER_ROOT,12038.0,12.0,12035.0,20.0,,,12052.0,12.0,12055.0,20.0,,,12045.0,0.0,45000,14.0,12045.0,0.0
0,45100,INTARIAN_PEPPER_ROOT,12039.0,8.0,12036.0,25.0,,,12052.0,8.0,12055.0,25.0,,,12045.5,0.0,45100,13.0,12045.5,0.0
0,45200,INTARIAN_PEPPER_ROOT,12039.0,8.0,12036.0,25.0,,,12052.0,8.0,12055.0,25.0,,,12045.5,0.0,45200,13.0,12045.5,0.0
0,45300,INTARIAN_PEPPER_ROOT,12036.0,20.0,,,,,12052.0,8.0,12055.0,20.0,,,12044.0,0.0,45300,16.0,12047.42857142857,0.42857142857142855
0,45400,INTARIAN_PEPPER_ROOT,12039.0,8.0,12036.0,20.0,,,12052.0,8.0,,,,,12045.5,0.0,45400,13.0,12045.5,0.0
0,45500,INTARIAN_PEPPER_ROOT,12039.0,9.0,12036.0,17.0,,,12052.0,9.0,12055.0,17.0,,,12045.5,0.0,45500,13.0,12045.5,0.0
0,45600,INTARIAN_PEPPER_ROOT,12039.0,9.0,12036.0,25.0,,,12052.0,9.0,12055.0,25.0,,,12045.5,0.0,45600,13.0,12045.5,0.0
0,45700,INTARIAN_PEPPER_ROOT,12039.0,9.0,12036.0,16.0,,,12055.0,16.0,,,,,12047.0,0.0,45700,16.0,12044.76,-0.28
0,45800,INTARIAN_PEPPER_ROOT,12039.0,10.0,12036.0,24.0,,,12052.0,10.0,12055.0,24.0,,,12045.5,0.0,45800,13.0,12045.5,0.0
0,45900,INTARIAN_PEPPER_ROOT,12039.0,11.0,12036.0,21.0,,,12055.0,21.0,,,,,12047.0,0.0,45900,16.0,12044.5,-0.3125
0,46000,INTARIAN_PEPPER_ROOT,12039.0,8.0,12036.0,19.0,,,12056.0,19.0,,,,,12047.5,0.0,46000,17.0,12044.037037037036,-0.4074074074074074
0,46100,INTARIAN_PEPPER_ROOT,,,,,,,12053.0,12.0,12056.0,22.0,,,12053.0,0.0,46100,,,
0,46200,INTARIAN_PEPPER_ROOT,12040.0,10.0,12037.0,15.0,,,12053.0,10.0,12056.0,15.0,,,12046.5,0.0,46200,13.0,12046.5,0.0
0,46300,INTARIAN_PEPPER_ROOT,12040.0,8.0,12037.0,15.0,,,12053.0,8.0,12056.0,15.0,,,12046.5,0.0,46300,13.0,12046.5,0.0
0,46400,INTARIAN_PEPPER_ROOT,12040.0,11.0,12037.0,16.0,,,12053.0,11.0,12056.0,16.0,,,12046.5,0.0,46400,13.0,12046.5,0.0
0,46500,INTARIAN_PEPPER_ROOT,12040.0,9.0,12037.0,18.0,,,12053.0,9.0,12056.0,18.0,,,12046.5,0.0,46500,13.0,12046.5,0.0
0,46600,INTARIAN_PEPPER_ROOT,12040.0,10.0,,,,,12053.0,10.0,12056.0,21.0,,,12046.5,0.0,46600,13.0,12046.5,0.0
0,46700,INTARIAN_PEPPER_ROOT,12040.0,8.0,12037.0,24.0,,,12053.0,8.0,12056.0,24.0,,,12046.5,0.0,46700,13.0,12046.5,0.0
0,46800,INTARIAN_PEPPER_ROOT,12040.0,10.0,12037.0,20.0,,,12053.0,10.0,12056.0,20.0,,,12046.5,0.0,46800,13.0,12046.5,0.0
0,46900,INTARIAN_PEPPER_ROOT,12040.0,12.0,12037.0,21.0,,,12056.0,21.0,,,,,12048.0,0.0,46900,16.0,12045.818181818182,-0.2727272727272727
0,47000,INTARIAN_PEPPER_ROOT,12040.0,8.0,12037.0,17.0,,,12054.0,8.0,12057.0,17.0,,,12047.0,0.0,47000,14.0,12047.0,0.0
0,47100,INTARIAN_PEPPER_ROOT,12041.0,8.0,,,,,12054.0,8.0,12057.0,24.0,,,12047.5,0.0,47100,13.0,12047.5,0.0
0,47200,INTARIAN_PEPPER_ROOT,12041.0,12.0,12038.0,25.0,,,12054.0,12.0,,,,,12047.5,0.0,47200,13.0,12047.5,0.0
0,47300,INTARIAN_PEPPER_ROOT,12041.0,11.0,,,,,,,,,,,12041.0,0.0,47300,,,
0,47400,INTARIAN_PEPPER_ROOT,12038.0,25.0,,,,,12054.0,12.0,12057.0,25.0,,,12046.0,0.0,47400,16.0,12048.81081081081,0.35135135135135137
0,47500,INTARIAN_PEPPER_ROOT,12041.0,12.0,12038.0,17.0,,,12054.0,12.0,,,,,12047.5,0.0,47500,13.0,12047.5,0.0
0,47600,INTARIAN_PEPPER_ROOT,12038.0,22.0,,,,,12054.0,8.0,12057.0,22.0,,,12046.0,0.0,47600,16.0,12049.733333333334,0.4666666666666667
0,47700,INTARIAN_PEPPER_ROOT,12041.0,11.0,12038.0,22.0,,,12057.0,22.0,,,,,12049.0,0.0,47700,16.0,12046.333333333334,-0.3333333333333333
0,47800,INTARIAN_PEPPER_ROOT,12041.0,9.0,12038.0,20.0,,,12054.0,9.0,12057.0,20.0,,,12047.5,0.0,47800,13.0,12047.5,0.0
0,47900,INTARIAN_PEPPER_ROOT,12041.0,12.0,,,,,12044.0,4.0,12054.0,12.0,12057.0,25.0,12042.5,0.0,47900,3.0,12043.25,0.5
0,48000,INTARIAN_PEPPER_ROOT,12041.0,9.0,12038.0,19.0,,,12055.0,9.0,12058.0,19.0,,,12048.0,0.0,48000,14.0,12048.0,0.0
0,48100,INTARIAN_PEPPER_ROOT,12039.0,25.0,,,,,12055.0,8.0,12058.0,25.0,,,12047.0,0.0,48100,16.0,12051.121212121212,0.5151515151515151
0,48200,INTARIAN_PEPPER_ROOT,12042.0,9.0,12039.0,18.0,,,12058.0,18.0,,,,,12050.0,0.0,48200,16.0,12047.333333333334,-0.3333333333333333
0,48300,INTARIAN_PEPPER_ROOT,12042.0,9.0,12039.0,22.0,,,12055.0,9.0,12058.0,22.0,,,12048.5,0.0,48300,13.0,12048.5,0.0
0,48400,INTARIAN_PEPPER_ROOT,12042.0,8.0,12039.0,15.0,,,12055.0,8.0,12058.0,15.0,,,12048.5,0.0,48400,13.0,12048.5,0.0
0,48500,INTARIAN_PEPPER_ROOT,12042.0,11.0,12039.0,16.0,,,12055.0,11.0,12058.0,16.0,,,12048.5,0.0,48500,13.0,12048.5,0.0
0,48600,INTARIAN_PEPPER_ROOT,12042.0,10.0,12039.0,25.0,,,12055.0,10.0,12058.0,25.0,,,12048.5,0.0,48600,13.0,12048.5,0.0
0,48700,INTARIAN_PEPPER_ROOT,12042.0,9.0,12039.0,17.0,,,12055.0,9.0,,,,,12048.5,0.0,48700,13.0,12048.5,0.0
0,48800,INTARIAN_PEPPER_ROOT,12042.0,8.0,,,,,12058.0,23.0,,,,,12050.0,0.0,48800,16.0,12046.129032258064,-0.4838709677419355
0,48900,INTARIAN_PEPPER_ROOT,12042.0,11.0,12039.0,17.0,,,12055.0,11.0,12058.0,17.0,,,12048.5,0.0,48900,13.0,12048.5,0.0
0,49000,INTARIAN_PEPPER_ROOT,12042.0,8.0,12039.0,18.0,,,12056.0,8.0,12059.0,18.0,,,12049.0,0.0,49000,14.0,12049.0,0.0
0,49100,INTARIAN_PEPPER_ROOT,12043.0,10.0,,,,,12056.0,10.0,12059.0,22.0,,,12049.5,0.0,49100,13.0,12049.5,0.0
0,49200,INTARIAN_PEPPER_ROOT,12043.0,11.0,,,,,12056.0,11.0,12059.0,24.0,,,12049.5,0.0,49200,13.0,12049.5,0.0
0,49300,INTARIAN_PEPPER_ROOT,12043.0,8.0,12040.0,23.0,,,12056.0,8.0,12059.0,23.0,,,12049.5,0.0,49300,13.0,12049.5,0.0
0,49400,INTARIAN_PEPPER_ROOT,12043.0,8.0,12040.0,22.0,,,12056.0,8.0,12059.0,22.0,,,12049.5,0.0,49400,13.0,12049.5,0.0
0,49500,INTARIAN_PEPPER_ROOT,12043.0,12.0,12040.0,24.0,,,12056.0,12.0,,,,,12049.5,0.0,49500,13.0,12049.5,0.0
0,49600,INTARIAN_PEPPER_ROOT,12043.0,8.0,12040.0,25.0,,,12056.0,8.0,12059.0,25.0,,,12049.5,0.0,49600,13.0,12049.5,0.0
0,49700,INTARIAN_PEPPER_ROOT,12043.0,11.0,12040.0,24.0,,,12056.0,11.0,,,,,12049.5,0.0,49700,13.0,12049.5,0.0
0,49800,INTARIAN_PEPPER_ROOT,12043.0,8.0,12040.0,25.0,,,12059.0,25.0,,,,,12051.0,0.0,49800,16.0,12046.878787878788,-0.5151515151515151
0,49900,INTARIAN_PEPPER_ROOT,,,,,,,12059.0,25.0,,,,,12059.0,0.0,49900,,,
0,50000,INTARIAN_PEPPER_ROOT,12040.0,19.0,,,,,12057.0,8.0,12060.0,19.0,,,12048.5,0.0,50000,17.0,12051.962962962964,0.4074074074074074
0,50100,INTARIAN_PEPPER_ROOT,,,,,,,12057.0,9.0,12060.0,17.0,,,12057.0,0.0,50100,,,
0,50200,INTARIAN_PEPPER_ROOT,12044.0,8.0,12041.0,18.0,,,12057.0,8.0,12060.0,18.0,,,12050.5,0.0,50200,13.0,12050.5,0.0
0,50300,INTARIAN_PEPPER_ROOT,12044.0,8.0,12041.0,25.0,,,12057.0,8.0,12060.0,25.0,,,12050.5,0.0,50300,13.0,12050.5,0.0
0,50400,INTARIAN_PEPPER_ROOT,12041.0,23.0,,,,,12060.0,23.0,,,,,12050.5,0.0,50400,19.0,12050.5,0.0
0,50500,INTARIAN_PEPPER_ROOT,12044.0,11.0,12041.0,23.0,,,12057.0,11.0,12060.0,23.0,,,12050.5,0.0,50500,13.0,12050.5,0.0
0,50600,INTARIAN_PEPPER_ROOT,12044.0,9.0,12041.0,25.0,,,12057.0,9.0,12060.0,25.0,,,12050.5,0.0,50600,13.0,12050.5,0.0
0,50700,INTARIAN_PEPPER_ROOT,12044.0,11.0,12041.0,17.0,,,12057.0,11.0,12060.0,17.0,,,12050.5,0.0,50700,13.0,12050.5,0.0
0,50800,INTARIAN_PEPPER_ROOT,12044.0,11.0,12041.0,19.0,,,12057.0,11.0,,,,,12050.5,0.0,50800,13.0,12050.5,0.0
0,50900,INTARIAN_PEPPER_ROOT,12044.0,8.0,12041.0,16.0,,,12057.0,8.0,12060.0,16.0,,,12050.5,0.0,50900,13.0,12050.5,0.0
0,51000,INTARIAN_PEPPER_ROOT,,,,,,,12058.0,9.0,12061.0,24.0,,,12058.0,0.0,51000,,,
0,51100,INTARIAN_PEPPER_ROOT,12045.0,12.0,,,,,12058.0,12.0,12061.0,22.0,,,12051.5,0.0,51100,13.0,12051.5,0.0
0,51200,INTARIAN_PEPPER_ROOT,12045.0,9.0,12042.0,20.0,,,12058.0,9.0,12061.0,20.0,,,12051.5,0.0,51200,13.0,12051.5,0.0
0,51300,INTARIAN_PEPPER_ROOT,12045.0,11.0,12042.0,18.0,,,12058.0,11.0,,,,,12051.5,0.0,51300,13.0,12051.5,0.0
0,51400,INTARIAN_PEPPER_ROOT,12045.0,10.0,12042.0,21.0,,,12061.0,21.0,,,,,12053.0,0.0,51400,16.0,12050.161290322581,-0.3548387096774194
0,51500,INTARIAN_PEPPER_ROOT,12045.0,12.0,12042.0,18.0,,,12058.0,12.0,12061.0,18.0,,,12051.5,0.0,51500,13.0,12051.5,0.0
0,51600,INTARIAN_PEPPER_ROOT,12042.0,22.0,,,,,,,,,,,12042.0,0.0,51600,,,
0,51700,INTARIAN_PEPPER_ROOT,12045.0,12.0,12042.0,20.0,,,12058.0,12.0,,,,,12051.5,0.0,51700,13.0,12051.5,0.0
0,51800,INTARIAN_PEPPER_ROOT,12045.0,11.0,12042.0,17.0,,,12058.0,11.0,12061.0,17.0,,,12051.5,0.0,51800,13.0,12051.5,0.0
0,51900,INTARIAN_PEPPER_ROOT,12045.0,10.0,12042.0,24.0,,,12058.0,10.0,12061.0,24.0,,,12051.5,0.0,51900,13.0,12051.5,0.0
0,52000,INTARIAN_PEPPER_ROOT,12045.0,10.0,12042.0,25.0,,,12059.0,10.0,12062.0,25.0,,,12052.0,0.0,52000,14.0,12052.0,0.0
0,52100,INTARIAN_PEPPER_ROOT,12046.0,11.0,12043.0,22.0,,,12059.0,11.0,12062.0,22.0,,,12052.5,0.0,52100,13.0,12052.5,0.0
0,52200,INTARIAN_PEPPER_ROOT,12046.0,12.0,,,,,12059.0,12.0,12062.0,15.0,,,12052.5,0.0,52200,13.0,12052.5,0.0
0,52300,INTARIAN_PEPPER_ROOT,12046.0,11.0,12043.0,23.0,,,12062.0,23.0,,,,,12054.0,0.0,52300,16.0,12051.176470588236,-0.35294117647058826
0,52400,INTARIAN_PEPPER_ROOT,12046.0,10.0,12043.0,19.0,,,12059.0,10.0,,,,,12052.5,0.0,52400,13.0,12052.5,0.0
0,52500,INTARIAN_PEPPER_ROOT,12046.0,12.0,,,,,12059.0,12.0,12062.0,15.0,,,12052.5,0.0,52500,13.0,12052.5,0.0
0,52600,INTARIAN_PEPPER_ROOT,12046.0,9.0,,,,,12059.0,9.0,12062.0,24.0,,,12052.5,0.0,52600,13.0,12052.5,0.0
0,52700,INTARIAN_PEPPER_ROOT,12046.0,9.0,12043.0,21.0,,,12059.0,9.0,12062.0,21.0,,,12052.5,0.0,52700,13.0,12052.5,0.0
0,52800,INTARIAN_PEPPER_ROOT,12046.0,11.0,12043.0,22.0,,,12059.0,11.0,,,,,12052.5,0.0,52800,13.0,12052.5,0.0
0,52900,INTARIAN_PEPPER_ROOT,,,,,,,12059.0,10.0,12062.0,23.0,,,12059.0,0.0,52900,,,
0,53000,INTARIAN_PEPPER_ROOT,12046.0,12.0,12043.0,25.0,,,12063.0,25.0,,,,,12054.5,0.0,53000,17.0,12051.513513513513,-0.35135135135135137
0,53100,INTARIAN_PEPPER_ROOT,12047.0,11.0,,,,,12060.0,11.0,,,,,12053.5,0.0,53100,13.0,12053.5,0.0
0,53200,INTARIAN_PEPPER_ROOT,12047.0,9.0,,,,,12063.0,20.0,,,,,12055.0,0.0,53200,16.0,12051.965517241379,-0.3793103448275862
0,53300,INTARIAN_PEPPER_ROOT,12047.0,9.0,12044.0,16.0,,,12063.0,16.0,,,,,12055.0,0.0,53300,16.0,12052.76,-0.28
0,53400,INTARIAN_PEPPER_ROOT,12047.0,9.0,12044.0,24.0,,,12060.0,9.0,,,,,12053.5,0.0,53400,13.0,12053.5,0.0
0,53500,INTARIAN_PEPPER_ROOT,12047.0,8.0,,,,,12060.0,8.0,12063.0,16.0,,,12053.5,0.0,53500,13.0,12053.5,0.0
0,53600,INTARIAN_PEPPER_ROOT,12047.0,10.0,12044.0,25.0,,,12060.0,10.0,12063.0,25.0,,,12053.5,0.0,53600,13.0,12053.5,0.0
0,53700,INTARIAN_PEPPER_ROOT,12047.0,10.0,12044.0,15.0,,,12060.0,10.0,12063.0,15.0,,,12053.5,0.0,53700,13.0,12053.5,0.0
0,53800,INTARIAN_PEPPER_ROOT,12047.0,12.0,12044.0,17.0,,,12060.0,12.0,12063.0,17.0,,,12053.5,0.0,53800,13.0,12053.5,0.0
0,53900,INTARIAN_PEPPER_ROOT,12047.0,11.0,12044.0,16.0,,,12060.0,11.0,12063.0,16.0,,,12053.5,0.0,53900,13.0,12053.5,0.0
0,54000,INTARIAN_PEPPER_ROOT,12047.0,12.0,,,,,12061.0,12.0,,,,,12054.0,0.0,54000,14.0,12054.0,0.0
0,54100,INTARIAN_PEPPER_ROOT,12048.0,8.0,12045.0,19.0,,,12061.0,8.0,,,,,12054.5,0.0,54100,13.0,12054.5,0.0
0,54200,INTARIAN_PEPPER_ROOT,12048.0,9.0,12045.0,20.0,,,12061.0,9.0,12064.0,20.0,,,12054.5,0.0,54200,13.0,12054.5,0.0
0,54300,INTARIAN_PEPPER_ROOT,12048.0,10.0,12045.0,15.0,,,12061.0,10.0,12064.0,15.0,,,12054.5,0.0,54300,13.0,12054.5,0.0
0,54400,INTARIAN_PEPPER_ROOT,12045.0,22.0,,,,,12061.0,8.0,12064.0,22.0,,,12053.0,0.0,54400,16.0,12056.733333333334,0.4666666666666667
0,54500,INTARIAN_PEPPER_ROOT,12048.0,10.0,,,,,12061.0,10.0,,,,,12054.5,0.0,54500,13.0,12054.5,0.0
0,54600,INTARIAN_PEPPER_ROOT,12048.0,9.0,,,,,12061.0,9.0,12064.0,16.0,,,12054.5,0.0,54600,13.0,12054.5,0.0
0,54700,INTARIAN_PEPPER_ROOT,12048.0,9.0,12045.0,20.0,,,12061.0,9.0,12064.0,20.0,,,12054.5,0.0,54700,13.0,12054.5,0.0
0,54800,INTARIAN_PEPPER_ROOT,12045.0,17.0,,,,,12064.0,17.0,,,,,12054.5,0.0,54800,19.0,12054.5,0.0
0,54900,INTARIAN_PEPPER_ROOT,12058.0,4.0,12048.0,10.0,12045.0,25.0,12061.0,10.0,12064.0,25.0,,,12059.5,0.0,54900,3.0,12058.857142857143,-0.42857142857142855
0,55000,INTARIAN_PEPPER_ROOT,12048.0,12.0,12045.0,16.0,,,12062.0,12.0,12065.0,16.0,,,12055.0,0.0,55000,14.0,12055.0,0.0
0,55100,INTARIAN_PEPPER_ROOT,12046.0,21.0,,,,,12062.0,12.0,12065.0,21.0,,,12054.0,0.0,55100,16.0,12056.181818181818,0.2727272727272727
0,55200,INTARIAN_PEPPER_ROOT,12049.0,12.0,12046.0,21.0,,,12062.0,12.0,12065.0,21.0,,,12055.5,0.0,55200,13.0,12055.5,0.0
0,55300,INTARIAN_PEPPER_ROOT,12049.0,11.0,12046.0,23.0,,,12062.0,11.0,12065.0,23.0,,,12055.5,0.0,55300,13.0,12055.5,0.0
0,55400,INTARIAN_PEPPER_ROOT,12049.0,11.0,12046.0,21.0,,,12062.0,11.0,12065.0,21.0,,,12055.5,0.0,55400,13.0,12055.5,0.0
0,55500,INTARIAN_PEPPER_ROOT,12049.0,9.0,12046.0,15.0,,,12062.0,9.0,12065.0,15.0,,,12055.5,0.0,55500,13.0,12055.5,0.0
0,55600,INTARIAN_PEPPER_ROOT,,,,,,,,,,,,,0.0,0.0,55600,,,
0,55700,INTARIAN_PEPPER_ROOT,12046.0,15.0,,,,,,,,,,,12046.0,0.0,55700,,,
0,55800,INTARIAN_PEPPER_ROOT,12046.0,19.0,,,,,12062.0,11.0,12065.0,19.0,,,12054.0,0.0,55800,16.0,12056.133333333333,0.26666666666666666
0,55900,INTARIAN_PEPPER_ROOT,12049.0,11.0,12046.0,18.0,,,12062.0,11.0,12065.0,18.0,,,12055.5,0.0,55900,13.0,12055.5,0.0
0,56000,INTARIAN_PEPPER_ROOT,12049.0,12.0,12046.0,23.0,,,12063.0,12.0,12066.0,23.0,,,12056.0,0.0,56000,14.0,12056.0,0.0
0,56100,INTARIAN_PEPPER_ROOT,12050.0,9.0,12047.0,18.0,,,,,,,,,12050.0,0.0,56100,,,
0,56200,INTARIAN_PEPPER_ROOT,12047.0,24.0,,,,,12063.0,10.0,12066.0,24.0,,,12055.0,0.0,56200,16.0,12058.29411764706,0.4117647058823529
0,56300,INTARIAN_PEPPER_ROOT,12050.0,11.0,,,,,12063.0,11.0,12066.0,21.0,,,12056.5,0.0,56300,13.0,12056.5,0.0
0,56400,INTARIAN_PEPPER_ROOT,12047.0,21.0,,,,,12063.0,9.0,12066.0,21.0,,,12055.0,0.0,56400,16.0,12058.2,0.4
0,56500,INTARIAN_PEPPER_ROOT,12050.0,8.0,12047.0,16.0,,,12063.0,8.0,12066.0,16.0,,,12056.5,0.0,56500,13.0,12056.5,0.0
0,56600,INTARIAN_PEPPER_ROOT,12050.0,8.0,,,,,12063.0,8.0,,,,,12056.5,0.0,56600,13.0,12056.5,0.0
0,56700,INTARIAN_PEPPER_ROOT,12050.0,12.0,12047.0,25.0,,,12063.0,12.0,,,,,12056.5,0.0,56700,13.0,12056.5,0.0
0,56800,INTARIAN_PEPPER_ROOT,12050.0,9.0,12047.0,15.0,,,12063.0,9.0,12066.0,15.0,,,12056.5,0.0,56800,13.0,12056.5,0.0
0,56900,INTARIAN_PEPPER_ROOT,12050.0,11.0,12047.0,19.0,,,12063.0,11.0,12066.0,19.0,,,12056.5,0.0,56900,13.0,12056.5,0.0
0,57000,INTARIAN_PEPPER_ROOT,12050.0,11.0,12047.0,21.0,,,12064.0,11.0,12067.0,21.0,,,12057.0,0.0,57000,14.0,12057.0,0.0
0,57100,INTARIAN_PEPPER_ROOT,12051.0,8.0,12048.0,15.0,,,12064.0,8.0,12067.0,15.0,,,12057.5,0.0,57100,13.0,12057.5,0.0
0,57200,INTARIAN_PEPPER_ROOT,12051.0,10.0,12048.0,22.0,,,12064.0,10.0,12067.0,22.0,,,12057.5,0.0,57200,13.0,12057.5,0.0
0,57300,INTARIAN_PEPPER_ROOT,12051.0,10.0,12048.0,21.0,,,12064.0,10.0,12067.0,21.0,,,12057.5,0.0,57300,13.0,12057.5,0.0
0,57400,INTARIAN_PEPPER_ROOT,12051.0,8.0,12048.0,23.0,,,12064.0,8.0,12067.0,23.0,,,12057.5,0.0,57400,13.0,12057.5,0.0
0,57500,INTARIAN_PEPPER_ROOT,12061.0,4.0,12048.0,21.0,,,12064.0,9.0,12067.0,21.0,,,12062.5,0.0,57500,3.0,12061.923076923076,-0.38461538461538464
0,57600,INTARIAN_PEPPER_ROOT,12051.0,8.0,12048.0,22.0,,,12064.0,8.0,,,,,12057.5,0.0,57600,13.0,12057.5,0.0
0,57700,INTARIAN_PEPPER_ROOT,12051.0,8.0,12048.0,20.0,,,12064.0,8.0,12067.0,20.0,,,12057.5,0.0,57700,13.0,12057.5,0.0
0,57800,INTARIAN_PEPPER_ROOT,12051.0,12.0,12048.0,23.0,,,12064.0,12.0,,,,,12057.5,0.0,57800,13.0,12057.5,0.0
0,57900,INTARIAN_PEPPER_ROOT,12051.0,12.0,12048.0,16.0,,,12064.0,12.0,,,,,12057.5,0.0,57900,13.0,12057.5,0.0
0,58000,INTARIAN_PEPPER_ROOT,12048.0,19.0,,,,,12065.0,10.0,12068.0,19.0,,,12056.5,0.0,58000,17.0,12059.137931034482,0.3103448275862069
0,58100,INTARIAN_PEPPER_ROOT,12052.0,10.0,12049.0,18.0,,,,,,,,,12052.0,0.0,58100,,,
0,58200,INTARIAN_PEPPER_ROOT,12052.0,8.0,,,,,12065.0,8.0,12068.0,16.0,,,12058.5,0.0,58200,13.0,12058.5,0.0
0,58300,INTARIAN_PEPPER_ROOT,12052.0,8.0,,,,,12065.0,8.0,12068.0,25.0,,,12058.5,0.0,58300,13.0,12058.5,0.0
0,58400,INTARIAN_PEPPER_ROOT,,,,,,,12068.0,17.0,,,,,12068.0,0.0,58400,,,
0,58500,INTARIAN_PEPPER_ROOT,12052.0,9.0,12049.0,22.0,,,12065.0,9.0,12068.0,22.0,,,12058.5,0.0,58500,13.0,12058.5,0.0
0,58600,INTARIAN_PEPPER_ROOT,12049.0,25.0,,,,,12065.0,9.0,12068.0,25.0,,,12057.0,0.0,58600,16.0,12060.764705882353,0.47058823529411764
0,58700,INTARIAN_PEPPER_ROOT,12049.0,19.0,,,,,12065.0,12.0,12068.0,19.0,,,12057.0,0.0,58700,16.0,12058.806451612903,0.22580645161290322
0,58800,INTARIAN_PEPPER_ROOT,12049.0,25.0,,,,,12065.0,10.0,12068.0,25.0,,,12057.0,0.0,58800,16.0,12060.42857142857,0.42857142857142855
0,58900,INTARIAN_PEPPER_ROOT,12052.0,8.0,12049.0,25.0,,,12065.0,8.0,12068.0,25.0,,,12058.5,0.0,58900,13.0,12058.5,0.0
0,59000,INTARIAN_PEPPER_ROOT,12052.0,10.0,,,,,,,,,,,12052.0,0.0,59000,,,
0,59100,INTARIAN_PEPPER_ROOT,12053.0,11.0,,,,,12066.0,11.0,,,,,12059.5,0.0,59100,13.0,12059.5,0.0
0,59200,INTARIAN_PEPPER_ROOT,12053.0,11.0,12050.0,20.0,,,12066.0,11.0,12069.0,20.0,,,12059.5,0.0,59200,13.0,12059.5,0.0
0,59300,INTARIAN_PEPPER_ROOT,12056.0,5.0,12053.0,9.0,12050.0,25.0,12066.0,9.0,12069.0,25.0,,,12061.0,0.0,59300,10.0,12059.57142857143,-0.2857142857142857
0,59400,INTARIAN_PEPPER_ROOT,,,,,,,12066.0,12.0,12069.0,25.0,,,12066.0,0.0,59400,,,
0,59500,INTARIAN_PEPPER_ROOT,12053.0,10.0,12050.0,19.0,,,12066.0,10.0,12069.0,19.0,,,12059.5,0.0,59500,13.0,12059.5,0.0
0,59600,INTARIAN_PEPPER_ROOT,12050.0,22.0,,,,,12066.0,12.0,,,,,12058.0,0.0,59600,16.0,12060.35294117647,0.29411764705882354
0,59700,INTARIAN_PEPPER_ROOT,12053.0,9.0,12050.0,25.0,,,12066.0,9.0,12069.0,25.0,,,12059.5,0.0,59700,13.0,12059.5,0.0
0,59800,INTARIAN_PEPPER_ROOT,12053.0,10.0,12050.0,16.0,,,12066.0,10.0,12069.0,16.0,,,12059.5,0.0,59800,13.0,12059.5,0.0
0,59900,INTARIAN_PEPPER_ROOT,12053.0,9.0,,,,,12066.0,9.0,12069.0,23.0,,,12059.5,0.0,59900,13.0,12059.5,0.0
0,60000,INTARIAN_PEPPER_ROOT,,,,,,,12067.0,8.0,,,,,12067.0,0.0,60000,,,
0,60100,INTARIAN_PEPPER_ROOT,12054.0,9.0,12051.0,17.0,,,12067.0,9.0,,,,,12060.5,0.0,60100,13.0,12060.5,0.0
0,60200,INTARIAN_PEPPER_ROOT,12054.0,8.0,,,,,12067.0,8.0,,,,,12060.5,0.0,60200,13.0,12060.5,0.0
0,60300,INTARIAN_PEPPER_ROOT,12054.0,9.0,12051.0,23.0,,,12070.0,23.0,,,,,12062.0,0.0,60300,16.0,12058.5,-0.4375
0,60400,INTARIAN_PEPPER_ROOT,12051.0,25.0,,,,,12067.0,12.0,12070.0,25.0,,,12059.0,0.0,60400,16.0,12061.81081081081,0.35135135135135137
0,60500,INTARIAN_PEPPER_ROOT,12054.0,8.0,12051.0,20.0,,,12067.0,8.0,12070.0,20.0,,,12060.5,0.0,60500,13.0,12060.5,0.0
0,60600,INTARIAN_PEPPER_ROOT,12051.0,15.0,,,,,12067.0,12.0,12070.0,15.0,,,12059.0,0.0,60600,16.0,12059.888888888889,0.1111111111111111
0,60700,INTARIAN_PEPPER_ROOT,12054.0,12.0,12051.0,25.0,,,12070.0,25.0,,,,,12062.0,0.0,60700,16.0,12059.18918918919,-0.35135135135135137
0,60800,INTARIAN_PEPPER_ROOT,12054.0,10.0,12051.0,23.0,,,12070.0,23.0,,,,,12062.0,0.0,60800,16.0,12058.848484848484,-0.3939393939393939
0,60900,INTARIAN_PEPPER_ROOT,12051.0,22.0,,,,,12070.0,22.0,,,,,12060.5,0.0,60900,19.0,12060.5,0.0
0,61000,INTARIAN_PEPPER_ROOT,12054.0,10.0,,,,,12063.0,11.0,12068.0,10.0,,,12058.5,0.0,61000,9.0,12058.285714285714,-0.047619047619047616
0,61100,INTARIAN_PEPPER_ROOT,12055.0,8.0,12052.0,15.0,,,12068.0,8.0,12071.0,15.0,,,12061.5,0.0,61100,13.0,12061.5,0.0
0,61200,INTARIAN_PEPPER_ROOT,12055.0,12.0,12052.0,21.0,,,12068.0,12.0,12071.0,21.0,,,12061.5,0.0,61200,13.0,12061.5,0.0
0,61300,INTARIAN_PEPPER_ROOT,12055.0,9.0,12052.0,18.0,,,12068.0,9.0,12071.0,18.0,,,12061.5,0.0,61300,13.0,12061.5,0.0
0,61400,INTARIAN_PEPPER_ROOT,12055.0,12.0,12052.0,23.0,,,,,,,,,12055.0,0.0,61400,,,
0,61500,INTARIAN_PEPPER_ROOT,12055.0,10.0,12052.0,17.0,,,12068.0,10.0,12071.0,17.0,,,12061.5,0.0,61500,13.0,12061.5,0.0
0,61600,INTARIAN_PEPPER_ROOT,12055.0,10.0,12052.0,18.0,,,,,,,,,12055.0,0.0,61600,,,
0,61700,INTARIAN_PEPPER_ROOT,12052.0,16.0,,,,,12068.0,10.0,12071.0,16.0,,,12060.0,0.0,61700,16.0,12061.846153846154,0.23076923076923078
0,61800,INTARIAN_PEPPER_ROOT,12055.0,12.0,12052.0,25.0,,,12068.0,12.0,12071.0,25.0,,,12061.5,0.0,61800,13.0,12061.5,0.0
0,61900,INTARIAN_PEPPER_ROOT,12065.0,5.0,12055.0,11.0,12052.0,15.0,12071.0,15.0,,,,,12068.0,0.0,61900,6.0,12066.5,-0.5
0,62000,INTARIAN_PEPPER_ROOT,,,,,,,12072.0,15.0,,,,,12072.0,0.0,62000,,,
0,62100,INTARIAN_PEPPER_ROOT,12056.0,10.0,12053.0,19.0,,,12069.0,10.0,,,,,12062.5,0.0,62100,13.0,12062.5,0.0
0,62200,INTARIAN_PEPPER_ROOT,12056.0,11.0,,,,,12069.0,11.0,12072.0,19.0,,,12062.5,0.0,62200,13.0,12062.5,0.0
0,62300,INTARIAN_PEPPER_ROOT,12056.0,11.0,12053.0,21.0,,,12069.0,11.0,12072.0,21.0,,,12062.5,0.0,62300,13.0,12062.5,0.0
0,62400,INTARIAN_PEPPER_ROOT,12056.0,9.0,12053.0,24.0,,,12069.0,9.0,,,,,12062.5,0.0,62400,13.0,12062.5,0.0
0,62500,INTARIAN_PEPPER_ROOT,,,,,,,12072.0,24.0,,,,,12072.0,0.0,62500,,,
0,62600,INTARIAN_PEPPER_ROOT,12056.0,10.0,12053.0,22.0,,,12069.0,10.0,12072.0,22.0,,,12062.5,0.0,62600,13.0,12062.5,0.0
0,62700,INTARIAN_PEPPER_ROOT,12056.0,8.0,12053.0,16.0,,,12069.0,8.0,,,,,12062.5,0.0,62700,13.0,12062.5,0.0
0,62800,INTARIAN_PEPPER_ROOT,12056.0,11.0,12053.0,20.0,,,12069.0,11.0,12072.0,20.0,,,12062.5,0.0,62800,13.0,12062.5,0.0
0,62900,INTARIAN_PEPPER_ROOT,12056.0,8.0,12053.0,15.0,,,12072.0,15.0,,,,,12064.0,0.0,62900,16.0,12061.565217391304,-0.30434782608695654
0,63000,INTARIAN_PEPPER_ROOT,12053.0,21.0,,,,,12070.0,11.0,12073.0,21.0,,,12061.5,0.0,63000,17.0,12064.15625,0.3125
0,63100,INTARIAN_PEPPER_ROOT,12054.0,20.0,,,,,12070.0,9.0,12073.0,20.0,,,12062.0,0.0,63100,16.0,12065.034482758621,0.3793103448275862
0,63200,INTARIAN_PEPPER_ROOT,12057.0,11.0,12054.0,21.0,,,,,,,,,12057.0,0.0,63200,,,
0,63300,INTARIAN_PEPPER_ROOT,12057.0,10.0,12054.0,17.0,,,12070.0,10.0,12073.0,17.0,,,12063.5,0.0,63300,13.0,12063.5,0.0
0,63400,INTARIAN_PEPPER_ROOT,12057.0,11.0,,,,,12073.0,19.0,,,,,12065.0,0.0,63400,16.0,12062.866666666667,-0.26666666666666666
0,63500,INTARIAN_PEPPER_ROOT,12057.0,11.0,12054.0,17.0,,,12070.0,11.0,12073.0,17.0,,,12063.5,0.0,63500,13.0,12063.5,0.0
0,63600,INTARIAN_PEPPER_ROOT,12057.0,8.0,,,,,12073.0,25.0,,,,,12065.0,0.0,63600,16.0,12060.878787878788,-0.5151515151515151
0,63700,INTARIAN_PEPPER_ROOT,12057.0,8.0,,,,,12070.0,8.0,12073.0,21.0,,,12063.5,0.0,63700,13.0,12063.5,0.0
0,63800,INTARIAN_PEPPER_ROOT,12057.0,10.0,12054.0,24.0,,,12073.0,24.0,,,,,12065.0,0.0,63800,16.0,12061.70588235294,-0.4117647058823529
0,63900,INTARIAN_PEPPER_ROOT,12057.0,10.0,12054.0,15.0,,,12070.0,10.0,12073.0,15.0,,,12063.5,0.0,63900,13.0,12063.5,0.0
0,64000,INTARIAN_PEPPER_ROOT,12057.0,8.0,,,,,12071.0,8.0,12074.0,16.0,,,12064.0,0.0,64000,14.0,12064.0,0.0
0,64100,INTARIAN_PEPPER_ROOT,12058.0,8.0,12055.0,16.0,,,12071.0,8.0,12074.0,16.0,,,12064.5,0.0,64100,13.0,12064.5,0.0
0,64200,INTARIAN_PEPPER_ROOT,12058.0,11.0,,,,,12071.0,11.0,12074.0,24.0,,,12064.5,0.0,64200,13.0,12064.5,0.0
0,64300,INTARIAN_PEPPER_ROOT,12058.0,11.0,12055.0,17.0,,,12071.0,11.0,12074.0,17.0,,,12064.5,0.0,64300,13.0,12064.5,0.0
0,64400,INTARIAN_PEPPER_ROOT,12058.0,12.0,12055.0,24.0,,,12071.0,12.0,12074.0,24.0,,,12064.5,0.0,64400,13.0,12064.5,0.0
0,64500,INTARIAN_PEPPER_ROOT,12055.0,16.0,,,,,12071.0,9.0,12074.0,16.0,,,12063.0,0.0,64500,16.0,12065.24,0.28
0,64600,INTARIAN_PEPPER_ROOT,12058.0,9.0,12055.0,17.0,,,12074.0,17.0,,,,,12066.0,0.0,64600,16.0,12063.538461538461,-0.3076923076923077
0,64700,INTARIAN_PEPPER_ROOT,12058.0,12.0,12055.0,24.0,,,,,,,,,12058.0,0.0,64700,,,
0,64800,INTARIAN_PEPPER_ROOT,12058.0,8.0,12055.0,22.0,,,12074.0,22.0,,,,,12066.0,0.0,64800,16.0,12062.266666666666,-0.4666666666666667
0,64900,INTARIAN_PEPPER_ROOT,,,,,,,12071.0,10.0,,,,,12071.0,0.0,64900,,,
0,65000,INTARIAN_PEPPER_ROOT,12058.0,12.0,12055.0,16.0,,,12072.0,12.0,12075.0,16.0,,,12065.0,0.0,65000,14.0,12065.0,0.0
0,65100,INTARIAN_PEPPER_ROOT,12056.0,15.0,,,,,12072.0,9.0,12075.0,15.0,,,12064.0,0.0,65100,16.0,12066.0,0.25
0,65200,INTARIAN_PEPPER_ROOT,12056.0,19.0,,,,,12072.0,10.0,12075.0,19.0,,,12064.0,0.0,65200,16.0,12066.48275862069,0.3103448275862069
0,65300,INTARIAN_PEPPER_ROOT,12056.0,24.0,,,,,12072.0,12.0,12075.0,24.0,,,12064.0,0.0,65300,16.0,12066.666666666666,0.3333333333333333
0,65400,INTARIAN_PEPPER_ROOT,12059.0,10.0,12056.0,20.0,,,12075.0,20.0,,,,,12067.0,0.0,65400,16.0,12064.333333333334,-0.3333333333333333
0,65500,INTARIAN_PEPPER_ROOT,12059.0,9.0,,,,,12072.0,9.0,12075.0,22.0,,,12065.5,0.0,65500,13.0,12065.5,0.0
0,65600,INTARIAN_PEPPER_ROOT,12069.0,8.0,12059.0,9.0,12056.0,23.0,12072.0,9.0,12075.0,23.0,,,12070.5,0.0,65600,3.0,12070.411764705883,-0.058823529411764705
0,65700,INTARIAN_PEPPER_ROOT,12059.0,9.0,12056.0,19.0,,,12072.0,9.0,12075.0,19.0,,,12065.5,0.0,65700,13.0,12065.5,0.0
0,65800,INTARIAN_PEPPER_ROOT,12059.0,11.0,,,,,12068.0,6.0,12072.0,11.0,12075.0,18.0,12063.5,0.0,65800,9.0,12064.823529411764,0.29411764705882354
0,65900,INTARIAN_PEPPER_ROOT,12059.0,9.0,,,,,12075.0,21.0,,,,,12067.0,0.0,65900,16.0,12063.8,-0.4
0,66000,INTARIAN_PEPPER_ROOT,12056.0,16.0,,,,,12076.0,16.0,,,,,12066.0,0.0,66000,20.0,12066.0,0.0
0,66100,INTARIAN_PEPPER_ROOT,12057.0,16.0,,,,,12073.0,12.0,,,,,12065.0,0.0,66100,16.0,12066.142857142857,0.14285714285714285
0,66200,INTARIAN_PEPPER_ROOT,12060.0,9.0,12057.0,18.0,,,12073.0,9.0,12076.0,18.0,,,12066.5,0.0,66200,13.0,12066.5,0.0
0,66300,INTARIAN_PEPPER_ROOT,12060.0,12.0,12057.0,18.0,,,12073.0,12.0,12076.0,18.0,,,12066.5,0.0,66300,13.0,12066.5,0.0
0,66400,INTARIAN_PEPPER_ROOT,12057.0,22.0,,,,,12073.0,12.0,12076.0,22.0,,,12065.0,0.0,66400,16.0,12067.35294117647,0.29411764705882354
0,66500,INTARIAN_PEPPER_ROOT,12060.0,9.0,12057.0,20.0,,,12076.0,20.0,,,,,12068.0,0.0,66500,16.0,12064.965517241379,-0.3793103448275862
0,66600,INTARIAN_PEPPER_ROOT,12060.0,11.0,12057.0,20.0,,,12073.0,11.0,12076.0,20.0,,,12066.5,0.0,66600,13.0,12066.5,0.0
0,66700,INTARIAN_PEPPER_ROOT,12060.0,11.0,12057.0,24.0,,,12073.0,11.0,,,,,12066.5,0.0,66700,13.0,12066.5,0.0
0,66800,INTARIAN_PEPPER_ROOT,12060.0,9.0,12057.0,25.0,,,12073.0,9.0,12076.0,25.0,,,12066.5,0.0,66800,13.0,12066.5,0.0
0,66900,INTARIAN_PEPPER_ROOT,12060.0,9.0,,,,,12073.0,9.0,,,,,12066.5,0.0,66900,13.0,12066.5,0.0
0,67000,INTARIAN_PEPPER_ROOT,12060.0,8.0,12057.0,25.0,,,12074.0,8.0,12077.0,25.0,,,12067.0,0.0,67000,14.0,12067.0,0.0
0,67100,INTARIAN_PEPPER_ROOT,12061.0,8.0,,,,,12074.0,8.0,12077.0,17.0,,,12067.5,0.0,67100,13.0,12067.5,0.0
0,67200,INTARIAN_PEPPER_ROOT,12061.0,11.0,12058.0,18.0,,,12074.0,11.0,12077.0,18.0,,,12067.5,0.0,67200,13.0,12067.5,0.0
0,67300,INTARIAN_PEPPER_ROOT,12061.0,11.0,12058.0,25.0,,,12074.0,11.0,12077.0,25.0,,,12067.5,0.0,67300,13.0,12067.5,0.0
0,67400,INTARIAN_PEPPER_ROOT,12061.0,8.0,,,,,12074.0,8.0,,,,,12067.5,0.0,67400,13.0,12067.5,0.0
0,67500,INTARIAN_PEPPER_ROOT,12061.0,8.0,12058.0,18.0,,,,,,,,,12061.0,0.0,67500,,,
0,67600,INTARIAN_PEPPER_ROOT,12058.0,23.0,,,,,12074.0,9.0,12077.0,23.0,,,12066.0,0.0,67600,16.0,12069.5,0.4375
0,67700,INTARIAN_PEPPER_ROOT,12061.0,9.0,12058.0,25.0,,,12074.0,9.0,,,,,12067.5,0.0,67700,13.0,12067.5,0.0
0,67800,INTARIAN_PEPPER_ROOT,12061.0,12.0,12058.0,21.0,,,12074.0,12.0,12077.0,21.0,,,12067.5,0.0,67800,13.0,12067.5,0.0
0,67900,INTARIAN_PEPPER_ROOT,12061.0,11.0,12058.0,19.0,,,12074.0,11.0,12077.0,19.0,,,12067.5,0.0,67900,13.0,12067.5,0.0
0,68000,INTARIAN_PEPPER_ROOT,12061.0,12.0,12058.0,22.0,,,12075.0,12.0,12078.0,22.0,,,12068.0,0.0,68000,14.0,12068.0,0.0
0,68100,INTARIAN_PEPPER_ROOT,12062.0,10.0,12059.0,24.0,,,12075.0,10.0,12078.0,24.0,,,12068.5,0.0,68100,13.0,12068.5,0.0
0,68200,INTARIAN_PEPPER_ROOT,12059.0,24.0,,,,,12075.0,12.0,12078.0,24.0,,,12067.0,0.0,68200,16.0,12069.666666666666,0.3333333333333333
0,68300,INTARIAN_PEPPER_ROOT,12059.0,21.0,,,,,12075.0,12.0,12078.0,21.0,,,12067.0,0.0,68300,16.0,12069.181818181818,0.2727272727272727
0,68400,INTARIAN_PEPPER_ROOT,12062.0,12.0,12059.0,21.0,,,12075.0,12.0,12078.0,21.0,,,12068.5,0.0,68400,13.0,12068.5,0.0
0,68500,INTARIAN_PEPPER_ROOT,12059.0,18.0,,,,,12078.0,18.0,,,,,12068.5,0.0,68500,19.0,12068.5,0.0
0,68600,INTARIAN_PEPPER_ROOT,12062.0,9.0,12059.0,17.0,,,12075.0,9.0,12078.0,17.0,,,12068.5,0.0,68600,13.0,12068.5,0.0
0,68700,INTARIAN_PEPPER_ROOT,12062.0,10.0,12059.0,15.0,,,12075.0,10.0,,,,,12068.5,0.0,68700,13.0,12068.5,0.0
0,68800,INTARIAN_PEPPER_ROOT,12062.0,8.0,12059.0,23.0,,,12075.0,8.0,,,,,12068.5,0.0,68800,13.0,12068.5,0.0
0,68900,INTARIAN_PEPPER_ROOT,12062.0,10.0,12059.0,24.0,,,12075.0,10.0,12078.0,24.0,,,12068.5,0.0,68900,13.0,12068.5,0.0
0,69000,INTARIAN_PEPPER_ROOT,12062.0,12.0,12059.0,23.0,,,12076.0,12.0,12079.0,23.0,,,12069.0,0.0,69000,14.0,12069.0,0.0
0,69100,INTARIAN_PEPPER_ROOT,12060.0,23.0,,,,,12076.0,10.0,12079.0,23.0,,,12068.0,0.0,69100,16.0,12071.151515151516,0.3939393939393939
0,69200,INTARIAN_PEPPER_ROOT,12063.0,11.0,,,,,,,,,,,12063.0,0.0,69200,,,
0,69300,INTARIAN_PEPPER_ROOT,12063.0,11.0,12060.0,18.0,,,12076.0,11.0,12079.0,18.0,,,12069.5,0.0,69300,13.0,12069.5,0.0
0,69400,INTARIAN_PEPPER_ROOT,12063.0,12.0,12060.0,22.0,,,12076.0,12.0,12079.0,22.0,,,12069.5,0.0,69400,13.0,12069.5,0.0
0,69500,INTARIAN_PEPPER_ROOT,12063.0,9.0,12060.0,25.0,,,12076.0,9.0,,,,,12069.5,0.0,69500,13.0,12069.5,0.0
0,69600,INTARIAN_PEPPER_ROOT,12063.0,10.0,12060.0,25.0,,,12076.0,10.0,12079.0,25.0,,,12069.5,0.0,69600,13.0,12069.5,0.0
0,69700,INTARIAN_PEPPER_ROOT,12063.0,10.0,,,,,12076.0,10.0,12079.0,24.0,,,12069.5,0.0,69700,13.0,12069.5,0.0
0,69800,INTARIAN_PEPPER_ROOT,12063.0,9.0,12060.0,21.0,,,12076.0,9.0,12079.0,21.0,,,12069.5,0.0,69800,13.0,12069.5,0.0
0,69900,INTARIAN_PEPPER_ROOT,12060.0,23.0,,,,,12079.0,23.0,,,,,12069.5,0.0,69900,19.0,12069.5,0.0
0,70000,INTARIAN_PEPPER_ROOT,12063.0,9.0,12060.0,25.0,,,12080.0,25.0,,,,,12071.5,0.0,70000,17.0,12067.5,-0.47058823529411764
0,70100,INTARIAN_PEPPER_ROOT,12061.0,24.0,,,,,12077.0,10.0,12080.0,24.0,,,12069.0,0.0,70100,16.0,12072.29411764706,0.4117647058823529
0,70200,INTARIAN_PEPPER_ROOT,12064.0,12.0,12061.0,20.0,,,12077.0,12.0,12080.0,20.0,,,12070.5,0.0,70200,13.0,12070.5,0.0
0,70300,INTARIAN_PEPPER_ROOT,12064.0,10.0,12061.0,25.0,,,,,,,,,12064.0,0.0,70300,,,
0,70400,INTARIAN_PEPPER_ROOT,12064.0,8.0,12061.0,22.0,,,12077.0,8.0,12080.0,22.0,,,12070.5,0.0,70400,13.0,12070.5,0.0
0,70500,INTARIAN_PEPPER_ROOT,12064.0,10.0,12061.0,18.0,,,12077.0,10.0,12080.0,18.0,,,12070.5,0.0,70500,13.0,12070.5,0.0
0,70600,INTARIAN_PEPPER_ROOT,12064.0,12.0,12061.0,25.0,,,12077.0,12.0,12080.0,25.0,,,12070.5,0.0,70600,13.0,12070.5,0.0
0,70700,INTARIAN_PEPPER_ROOT,12064.0,9.0,,,,,12077.0,9.0,12080.0,23.0,,,12070.5,0.0,70700,13.0,12070.5,0.0
0,70800,INTARIAN_PEPPER_ROOT,12064.0,10.0,12061.0,23.0,,,12077.0,10.0,12080.0,23.0,,,12070.5,0.0,70800,13.0,12070.5,0.0
0,70900,INTARIAN_PEPPER_ROOT,12064.0,11.0,12061.0,23.0,,,12077.0,11.0,12080.0,23.0,,,12070.5,0.0,70900,13.0,12070.5,0.0
0,71000,INTARIAN_PEPPER_ROOT,12064.0,9.0,12061.0,19.0,,,12078.0,9.0,12081.0,19.0,,,12071.0,0.0,71000,14.0,12071.0,0.0
0,71100,INTARIAN_PEPPER_ROOT,12065.0,9.0,,,,,12078.0,9.0,,,,,12071.5,0.0,71100,13.0,12071.5,0.0
0,71200,INTARIAN_PEPPER_ROOT,12065.0,12.0,,,,,12078.0,12.0,12081.0,18.0,,,12071.5,0.0,71200,13.0,12071.5,0.0
0,71300,INTARIAN_PEPPER_ROOT,12065.0,12.0,12062.0,17.0,,,,,,,,,12065.0,0.0,71300,,,
0,71400,INTARIAN_PEPPER_ROOT,12065.0,9.0,12062.0,19.0,,,12078.0,9.0,,,,,12071.5,0.0,71400,13.0,12071.5,0.0
0,71500,INTARIAN_PEPPER_ROOT,12065.0,11.0,12062.0,18.0,,,12078.0,11.0,12081.0,18.0,,,12071.5,0.0,71500,13.0,12071.5,0.0
0,71600,INTARIAN_PEPPER_ROOT,12065.0,9.0,12062.0,24.0,,,12078.0,9.0,12081.0,24.0,,,12071.5,0.0,71600,13.0,12071.5,0.0
0,71700,INTARIAN_PEPPER_ROOT,12065.0,10.0,12062.0,19.0,,,,,,,,,12065.0,0.0,71700,,,
0,71800,INTARIAN_PEPPER_ROOT,12065.0,11.0,12062.0,23.0,,,12078.0,11.0,12081.0,23.0,,,12071.5,0.0,71800,13.0,12071.5,0.0
0,71900,INTARIAN_PEPPER_ROOT,12065.0,10.0,,,,,12078.0,10.0,12081.0,15.0,,,12071.5,0.0,71900,13.0,12071.5,0.0
0,72000,INTARIAN_PEPPER_ROOT,12062.0,21.0,,,,,12082.0,21.0,,,,,12072.0,0.0,72000,20.0,12072.0,0.0
0,72100,INTARIAN_PEPPER_ROOT,12066.0,9.0,12063.0,23.0,,,12079.0,9.0,12082.0,23.0,,,12072.5,0.0,72100,13.0,12072.5,0.0
0,72200,INTARIAN_PEPPER_ROOT,12066.0,9.0,,,,,12079.0,9.0,,,,,12072.5,0.0,72200,13.0,12072.5,0.0
0,72300,INTARIAN_PEPPER_ROOT,12063.0,15.0,,,,,12079.0,8.0,12082.0,15.0,,,12071.0,0.0,72300,16.0,12073.434782608696,0.30434782608695654
0,72400,INTARIAN_PEPPER_ROOT,12066.0,12.0,12063.0,17.0,,,12079.0,12.0,12082.0,17.0,,,12072.5,0.0,72400,13.0,12072.5,0.0
0,72500,INTARIAN_PEPPER_ROOT,12066.0,9.0,12063.0,21.0,,,12079.0,9.0,12082.0,21.0,,,12072.5,0.0,72500,13.0,12072.5,0.0
0,72600,INTARIAN_PEPPER_ROOT,12066.0,8.0,12063.0,16.0,,,12079.0,8.0,12082.0,16.0,,,12072.5,0.0,72600,13.0,12072.5,0.0
0,72700,INTARIAN_PEPPER_ROOT,12066.0,9.0,12063.0,25.0,,,12079.0,9.0,12082.0,25.0,,,12072.5,0.0,72700,13.0,12072.5,0.0
0,72800,INTARIAN_PEPPER_ROOT,12066.0,12.0,12063.0,20.0,,,12079.0,12.0,12082.0,20.0,,,12072.5,0.0,72800,13.0,12072.5,0.0
0,72900,INTARIAN_PEPPER_ROOT,12066.0,11.0,12063.0,20.0,,,12082.0,20.0,,,,,12074.0,0.0,72900,16.0,12071.677419354839,-0.2903225806451613
0,73000,INTARIAN_PEPPER_ROOT,,,,,,,12080.0,8.0,,,,,12080.0,0.0,73000,,,
0,73100,INTARIAN_PEPPER_ROOT,12067.0,12.0,12064.0,17.0,,,12083.0,17.0,,,,,12075.0,0.0,73100,16.0,12073.620689655172,-0.1724137931034483
0,73200,INTARIAN_PEPPER_ROOT,12067.0,9.0,,,,,12080.0,9.0,12083.0,17.0,,,12073.5,0.0,73200,13.0,12073.5,0.0
0,73300,INTARIAN_PEPPER_ROOT,12067.0,11.0,12064.0,24.0,,,12075.0,10.0,,,,,12071.0,0.0,73300,8.0,12071.190476190477,0.047619047619047616
0,73400,INTARIAN_PEPPER_ROOT,12067.0,10.0,12064.0,25.0,,,12083.0,25.0,,,,,12075.0,0.0,73400,16.0,12071.57142857143,-0.42857142857142855
0,73500,INTARIAN_PEPPER_ROOT,12067.0,11.0,12064.0,25.0,,,12080.0,11.0,12083.0,25.0,,,12073.5,0.0,73500,13.0,12073.5,0.0
0,73600,INTARIAN_PEPPER_ROOT,12067.0,12.0,12064.0,17.0,,,12080.0,12.0,,,,,12073.5,0.0,73600,13.0,12073.5,0.0
0,73700,INTARIAN_PEPPER_ROOT,12067.0,11.0,12064.0,22.0,,,12080.0,11.0,12083.0,22.0,,,12073.5,0.0,73700,13.0,12073.5,0.0
0,73800,INTARIAN_PEPPER_ROOT,12067.0,8.0,12064.0,24.0,,,12080.0,8.0,12083.0,24.0,,,12073.5,0.0,73800,13.0,12073.5,0.0
0,73900,INTARIAN_PEPPER_ROOT,12064.0,22.0,,,,,12083.0,22.0,,,,,12073.5,0.0,73900,19.0,12073.5,0.0
0,74000,INTARIAN_PEPPER_ROOT,12067.0,11.0,12064.0,24.0,,,12081.0,11.0,12084.0,24.0,,,12074.0,0.0,74000,14.0,12074.0,0.0
0,74100,INTARIAN_PEPPER_ROOT,12068.0,11.0,12065.0,22.0,,,,,,,,,12068.0,0.0,74100,,,
0,74200,INTARIAN_PEPPER_ROOT,12068.0,11.0,,,,,12081.0,11.0,12084.0,18.0,,,12074.5,0.0,74200,13.0,12074.5,0.0
0,74300,INTARIAN_PEPPER_ROOT,12068.0,10.0,12065.0,25.0,,,12084.0,25.0,,,,,12076.0,0.0,74300,16.0,12072.57142857143,-0.42857142857142855
0,74400,INTARIAN_PEPPER_ROOT,12068.0,10.0,12065.0,22.0,,,12081.0,10.0,12084.0,22.0,,,12074.5,0.0,74400,13.0,12074.5,0.0
0,74500,INTARIAN_PEPPER_ROOT,,,,,,,12081.0,12.0,12084.0,18.0,,,12081.0,0.0,74500,,,
0,74600,INTARIAN_PEPPER_ROOT,12068.0,11.0,12065.0,21.0,,,12081.0,11.0,12084.0,21.0,,,12074.5,0.0,74600,13.0,12074.5,0.0
0,74700,INTARIAN_PEPPER_ROOT,12068.0,12.0,,,,,12081.0,12.0,12084.0,17.0,,,12074.5,0.0,74700,13.0,12074.5,0.0
0,74800,INTARIAN_PEPPER_ROOT,12065.0,15.0,,,,,12081.0,11.0,12084.0,15.0,,,12073.0,0.0,74800,16.0,12074.23076923077,0.15384615384615385
0,74900,INTARIAN_PEPPER_ROOT,12068.0,12.0,12065.0,21.0,,,12084.0,21.0,,,,,12076.0,0.0,74900,16.0,12073.818181818182,-0.2727272727272727
0,75000,INTARIAN_PEPPER_ROOT,12068.0,10.0,12065.0,22.0,,,12082.0,10.0,12085.0,22.0,,,12075.0,0.0,75000,14.0,12075.0,0.0
0,75100,INTARIAN_PEPPER_ROOT,12069.0,8.0,12066.0,23.0,,,12085.0,23.0,,,,,12077.0,0.0,75100,16.0,12073.129032258064,-0.4838709677419355
0,75200,INTARIAN_PEPPER_ROOT,12069.0,8.0,12066.0,21.0,,,12082.0,8.0,12085.0,21.0,,,12075.5,0.0,75200,13.0,12075.5,0.0
0,75300,INTARIAN_PEPPER_ROOT,12069.0,9.0,12066.0,20.0,,,12085.0,20.0,,,,,12077.0,0.0,75300,16.0,12073.965517241379,-0.3793103448275862
0,75400,INTARIAN_PEPPER_ROOT,12069.0,12.0,12066.0,17.0,,,12082.0,12.0,12085.0,17.0,,,12075.5,0.0,75400,13.0,12075.5,0.0
0,75500,INTARIAN_PEPPER_ROOT,12079.0,6.0,12069.0,8.0,12066.0,18.0,12082.0,8.0,12085.0,18.0,,,12080.5,0.0,75500,3.0,12080.285714285714,-0.14285714285714285
0,75600,INTARIAN_PEPPER_ROOT,12066.0,22.0,,,,,12082.0,11.0,,,,,12074.0,0.0,75600,16.0,12076.666666666666,0.3333333333333333
0,75700,INTARIAN_PEPPER_ROOT,12069.0,12.0,12066.0,16.0,,,12082.0,12.0,12085.0,16.0,,,12075.5,0.0,75700,13.0,12075.5,0.0
0,75800,INTARIAN_PEPPER_ROOT,12069.0,12.0,12066.0,20.0,,,12072.0,3.0,12082.0,12.0,12085.0,20.0,12070.5,0.0,75800,3.0,12071.4,0.6
0,75900,INTARIAN_PEPPER_ROOT,12069.0,9.0,12066.0,19.0,,,,,,,,,12069.0,0.0,75900,,,
0,76000,INTARIAN_PEPPER_ROOT,12069.0,9.0,12066.0,16.0,,,12083.0,9.0,12086.0,16.0,,,12076.0,0.0,76000,14.0,12076.0,0.0
0,76100,INTARIAN_PEPPER_ROOT,12070.0,10.0,12067.0,21.0,,,12083.0,10.0,12086.0,21.0,,,12076.5,0.0,76100,13.0,12076.5,0.0
0,76200,INTARIAN_PEPPER_ROOT,12067.0,18.0,,,,,12083.0,8.0,12086.0,18.0,,,12075.0,0.0,76200,16.0,12078.076923076924,0.38461538461538464
0,76300,INTARIAN_PEPPER_ROOT,12070.0,9.0,12067.0,23.0,,,12083.0,9.0,12086.0,23.0,,,12076.5,0.0,76300,13.0,12076.5,0.0
0,76400,INTARIAN_PEPPER_ROOT,12070.0,9.0,12067.0,23.0,,,12083.0,9.0,,,,,12076.5,0.0,76400,13.0,12076.5,0.0
0,76500,INTARIAN_PEPPER_ROOT,12067.0,18.0,,,,,12086.0,18.0,,,,,12076.5,0.0,76500,19.0,12076.5,0.0
0,76600,INTARIAN_PEPPER_ROOT,12070.0,10.0,12067.0,20.0,,,12083.0,10.0,12086.0,20.0,,,12076.5,0.0,76600,13.0,12076.5,0.0
0,76700,INTARIAN_PEPPER_ROOT,12070.0,12.0,,,,,12083.0,12.0,12086.0,24.0,,,12076.5,0.0,76700,13.0,12076.5,0.0
0,76800,INTARIAN_PEPPER_ROOT,12070.0,11.0,,,,,12083.0,11.0,12086.0,25.0,,,12076.5,0.0,76800,13.0,12076.5,0.0
0,76900,INTARIAN_PEPPER_ROOT,12067.0,21.0,,,,,12083.0,8.0,12086.0,21.0,,,12075.0,0.0,76900,16.0,12078.586206896553,0.4482758620689655
0,77000,INTARIAN_PEPPER_ROOT,12067.0,25.0,,,,,,,,,,,12067.0,0.0,77000,,,
0,77100,INTARIAN_PEPPER_ROOT,12071.0,10.0,12068.0,15.0,,,12084.0,10.0,,,,,12077.5,0.0,77100,13.0,12077.5,0.0
0,77200,INTARIAN_PEPPER_ROOT,12071.0,10.0,12068.0,21.0,,,12084.0,10.0,12087.0,21.0,,,12077.5,0.0,77200,13.0,12077.5,0.0
0,77300,INTARIAN_PEPPER_ROOT,12071.0,12.0,12068.0,20.0,,,12084.0,12.0,,,,,12077.5,0.0,77300,13.0,12077.5,0.0
0,77400,INTARIAN_PEPPER_ROOT,12071.0,11.0,12068.0,20.0,,,12087.0,20.0,,,,,12079.0,0.0,77400,16.0,12076.677419354839,-0.2903225806451613
0,77500,INTARIAN_PEPPER_ROOT,12071.0,11.0,,,,,12084.0,11.0,12087.0,19.0,,,12077.5,0.0,77500,13.0,12077.5,0.0
0,77600,INTARIAN_PEPPER_ROOT,12071.0,9.0,12068.0,21.0,,,12084.0,9.0,,,,,12077.5,0.0,77600,13.0,12077.5,0.0
0,77700,INTARIAN_PEPPER_ROOT,12071.0,10.0,12068.0,23.0,,,12084.0,10.0,12087.0,23.0,,,12077.5,0.0,77700,13.0,12077.5,0.0
0,77800,INTARIAN_PEPPER_ROOT,12071.0,10.0,12068.0,18.0,,,12084.0,10.0,12087.0,18.0,,,12077.5,0.0,77800,13.0,12077.5,0.0
0,77900,INTARIAN_PEPPER_ROOT,12071.0,11.0,12068.0,19.0,,,12087.0,19.0,,,,,12079.0,0.0,77900,16.0,12076.866666666667,-0.26666666666666666
0,78000,INTARIAN_PEPPER_ROOT,12071.0,10.0,12068.0,17.0,,,12085.0,10.0,12088.0,17.0,,,12078.0,0.0,78000,14.0,12078.0,0.0
0,78100,INTARIAN_PEPPER_ROOT,12072.0,8.0,12069.0,16.0,,,12085.0,8.0,12088.0,16.0,,,12078.5,0.0,78100,13.0,12078.5,0.0
0,78200,INTARIAN_PEPPER_ROOT,12072.0,9.0,,,,,12085.0,9.0,12088.0,15.0,,,12078.5,0.0,78200,13.0,12078.5,0.0
0,78300,INTARIAN_PEPPER_ROOT,12072.0,11.0,12069.0,20.0,,,12085.0,11.0,12088.0,20.0,,,12078.5,0.0,78300,13.0,12078.5,0.0
0,78400,INTARIAN_PEPPER_ROOT,12072.0,10.0,12069.0,15.0,,,,,,,,,12072.0,0.0,78400,,,
0,78500,INTARIAN_PEPPER_ROOT,12069.0,19.0,,,,,12085.0,8.0,,,,,12077.0,0.0,78500,16.0,12080.25925925926,0.4074074074074074
0,78600,INTARIAN_PEPPER_ROOT,12072.0,10.0,,,,,12085.0,10.0,12088.0,24.0,,,12078.5,0.0,78600,13.0,12078.5,0.0
0,78700,INTARIAN_PEPPER_ROOT,,,,,,,12085.0,8.0,12088.0,25.0,,,12085.0,0.0,78700,,,
0,78800,INTARIAN_PEPPER_ROOT,12072.0,11.0,12069.0,16.0,,,12085.0,11.0,12088.0,16.0,,,12078.5,0.0,78800,13.0,12078.5,0.0
0,78900,INTARIAN_PEPPER_ROOT,12072.0,8.0,,,,,12085.0,8.0,12088.0,16.0,,,12078.5,0.0,78900,13.0,12078.5,0.0
0,79000,INTARIAN_PEPPER_ROOT,12072.0,10.0,12069.0,24.0,,,12086.0,10.0,12089.0,24.0,,,12079.0,0.0,79000,14.0,12079.0,0.0
0,79100,INTARIAN_PEPPER_ROOT,12073.0,11.0,,,,,12086.0,11.0,12089.0,15.0,,,12079.5,0.0,79100,13.0,12079.5,0.0
0,79200,INTARIAN_PEPPER_ROOT,,,,,,,12086.0,8.0,,,,,12086.0,0.0,79200,,,
0,79300,INTARIAN_PEPPER_ROOT,12073.0,9.0,12070.0,18.0,,,12089.0,18.0,,,,,12081.0,0.0,79300,16.0,12078.333333333334,-0.3333333333333333
0,79400,INTARIAN_PEPPER_ROOT,12073.0,8.0,,,,,12086.0,8.0,12089.0,23.0,,,12079.5,0.0,79400,13.0,12079.5,0.0
0,79500,INTARIAN_PEPPER_ROOT,12073.0,12.0,,,,,12086.0,12.0,12089.0,21.0,,,12079.5,0.0,79500,13.0,12079.5,0.0
0,79600,INTARIAN_PEPPER_ROOT,12073.0,12.0,,,,,12086.0,12.0,12089.0,22.0,,,12079.5,0.0,79600,13.0,12079.5,0.0
0,79700,INTARIAN_PEPPER_ROOT,12070.0,18.0,,,,,,,,,,,12070.0,0.0,79700,,,
0,79800,INTARIAN_PEPPER_ROOT,12073.0,8.0,,,,,12076.0,6.0,12086.0,8.0,12089.0,16.0,12074.5,0.0,79800,3.0,12074.714285714286,0.14285714285714285
0,79900,INTARIAN_PEPPER_ROOT,12073.0,10.0,12070.0,23.0,,,12089.0,23.0,,,,,12081.0,0.0,79900,16.0,12077.848484848484,-0.3939393939393939
0,80000,INTARIAN_PEPPER_ROOT,12073.0,9.0,,,,,12087.0,9.0,12090.0,15.0,,,12080.0,0.0,80000,14.0,12080.0,0.0
0,80100,INTARIAN_PEPPER_ROOT,12074.0,9.0,12071.0,24.0,,,12087.0,9.0,12090.0,24.0,,,12080.5,0.0,80100,13.0,12080.5,0.0
0,80200,INTARIAN_PEPPER_ROOT,12071.0,20.0,,,,,12087.0,8.0,12090.0,20.0,,,12079.0,0.0,80200,16.0,12082.42857142857,0.42857142857142855
0,80300,INTARIAN_PEPPER_ROOT,12074.0,8.0,12071.0,20.0,,,12082.0,5.0,12087.0,8.0,12090.0,20.0,12078.0,0.0,80300,8.0,12078.923076923076,0.23076923076923078
0,80400,INTARIAN_PEPPER_ROOT,12074.0,11.0,12071.0,17.0,,,12090.0,17.0,,,,,12082.0,0.0,80400,16.0,12080.285714285714,-0.21428571428571427
0,80500,INTARIAN_PEPPER_ROOT,12074.0,9.0,12071.0,24.0,,,12087.0,9.0,12090.0,24.0,,,12080.5,0.0,80500,13.0,12080.5,0.0
0,80600,INTARIAN_PEPPER_ROOT,12074.0,11.0,12071.0,19.0,,,12087.0,11.0,,,,,12080.5,0.0,80600,13.0,12080.5,0.0
0,80700,INTARIAN_PEPPER_ROOT,12074.0,9.0,12071.0,16.0,,,12090.0,16.0,,,,,12082.0,0.0,80700,16.0,12079.76,-0.28
0,80800,INTARIAN_PEPPER_ROOT,12074.0,10.0,12071.0,15.0,,,12087.0,10.0,12090.0,15.0,,,12080.5,0.0,80800,13.0,12080.5,0.0
0,80900,INTARIAN_PEPPER_ROOT,12074.0,11.0,12071.0,25.0,,,12087.0,11.0,12090.0,25.0,,,12080.5,0.0,80900,13.0,12080.5,0.0
0,81000,INTARIAN_PEPPER_ROOT,12074.0,11.0,12071.0,25.0,,,12091.0,25.0,,,,,12082.5,0.0,81000,17.0,12079.194444444445,-0.3888888888888889
0,81100,INTARIAN_PEPPER_ROOT,12072.0,20.0,,,,,12088.0,9.0,12091.0,20.0,,,12080.0,0.0,81100,16.0,12083.034482758621,0.3793103448275862
0,81200,INTARIAN_PEPPER_ROOT,12075.0,11.0,12072.0,20.0,,,12088.0,11.0,12091.0,20.0,,,12081.5,0.0,81200,13.0,12081.5,0.0
0,81300,INTARIAN_PEPPER_ROOT,12075.0,10.0,12072.0,24.0,,,12088.0,10.0,12091.0,24.0,,,12081.5,0.0,81300,13.0,12081.5,0.0
0,81400,INTARIAN_PEPPER_ROOT,12075.0,10.0,12072.0,21.0,,,12088.0,10.0,12091.0,21.0,,,12081.5,0.0,81400,13.0,12081.5,0.0
0,81500,INTARIAN_PEPPER_ROOT,12072.0,17.0,,,,,12088.0,11.0,,,,,12080.0,0.0,81500,16.0,12081.714285714286,0.21428571428571427
0,81600,INTARIAN_PEPPER_ROOT,12072.0,16.0,,,,,12088.0,12.0,,,,,12080.0,0.0,81600,16.0,12081.142857142857,0.14285714285714285
0,81700,INTARIAN_PEPPER_ROOT,12075.0,12.0,12072.0,23.0,,,12088.0,12.0,12091.0,23.0,,,12081.5,0.0,81700,13.0,12081.5,0.0
0,81800,INTARIAN_PEPPER_ROOT,12075.0,8.0,12072.0,23.0,,,12088.0,8.0,12091.0,23.0,,,12081.5,0.0,81800,13.0,12081.5,0.0
0,81900,INTARIAN_PEPPER_ROOT,12072.0,25.0,,,,,12088.0,8.0,12091.0,25.0,,,12080.0,0.0,81900,16.0,12084.121212121212,0.5151515151515151
0,82000,INTARIAN_PEPPER_ROOT,12075.0,12.0,12072.0,25.0,,,12089.0,12.0,12092.0,25.0,,,12082.0,0.0,82000,14.0,12082.0,0.0
0,82100,INTARIAN_PEPPER_ROOT,12076.0,10.0,12073.0,20.0,,,12092.0,20.0,,,,,12084.0,0.0,82100,16.0,12081.333333333334,-0.3333333333333333
0,82200,INTARIAN_PEPPER_ROOT,12076.0,8.0,12073.0,16.0,,,,,,,,,12076.0,0.0,82200,,,
0,82300,INTARIAN_PEPPER_ROOT,12076.0,9.0,12073.0,19.0,,,12089.0,9.0,12092.0,19.0,,,12082.5,0.0,82300,13.0,12082.5,0.0
0,82400,INTARIAN_PEPPER_ROOT,12073.0,16.0,,,,,12089.0,9.0,12092.0,16.0,,,12081.0,0.0,82400,16.0,12083.24,0.28
0,82500,INTARIAN_PEPPER_ROOT,12073.0,21.0,,,,,12092.0,21.0,,,,,12082.5,0.0,82500,19.0,12082.5,0.0
0,82600,INTARIAN_PEPPER_ROOT,12076.0,10.0,12073.0,19.0,,,12089.0,10.0,,,,,12082.5,0.0,82600,13.0,12082.5,0.0
0,82700,INTARIAN_PEPPER_ROOT,12073.0,20.0,,,,,12089.0,9.0,12092.0,20.0,,,12081.0,0.0,82700,16.0,12084.034482758621,0.3793103448275862
0,82800,INTARIAN_PEPPER_ROOT,12076.0,8.0,12073.0,24.0,,,12089.0,8.0,,,,,12082.5,0.0,82800,13.0,12082.5,0.0
0,82900,INTARIAN_PEPPER_ROOT,12076.0,8.0,12073.0,20.0,,,12089.0,8.0,12092.0,20.0,,,12082.5,0.0,82900,13.0,12082.5,0.0
0,83000,INTARIAN_PEPPER_ROOT,,,,,,,,,,,,,0.0,0.0,83000,,,
0,83100,INTARIAN_PEPPER_ROOT,12077.0,12.0,12074.0,17.0,,,12090.0,12.0,,,,,12083.5,0.0,83100,13.0,12083.5,0.0
0,83200,INTARIAN_PEPPER_ROOT,12077.0,10.0,12074.0,24.0,,,12093.0,24.0,,,,,12085.0,0.0,83200,16.0,12081.70588235294,-0.4117647058823529
0,83300,INTARIAN_PEPPER_ROOT,12077.0,8.0,12074.0,15.0,,,12093.0,15.0,,,,,12085.0,0.0,83300,16.0,12082.565217391304,-0.30434782608695654
0,83400,INTARIAN_PEPPER_ROOT,12077.0,8.0,12074.0,16.0,,,12090.0,8.0,12093.0,16.0,,,12083.5,0.0,83400,13.0,12083.5,0.0
0,83500,INTARIAN_PEPPER_ROOT,12077.0,12.0,,,,,12090.0,12.0,12093.0,15.0,,,12083.5,0.0,83500,13.0,12083.5,0.0
0,83600,INTARIAN_PEPPER_ROOT,12077.0,10.0,,,,,12090.0,10.0,,,,,12083.5,0.0,83600,13.0,12083.5,0.0
0,83700,INTARIAN_PEPPER_ROOT,12077.0,11.0,12074.0,18.0,,,12090.0,11.0,12093.0,18.0,,,12083.5,0.0,83700,13.0,12083.5,0.0
0,83800,INTARIAN_PEPPER_ROOT,12077.0,12.0,12074.0,25.0,,,,,,,,,12077.0,0.0,83800,,,
0,83900,INTARIAN_PEPPER_ROOT,12077.0,12.0,12074.0,23.0,,,12090.0,12.0,12093.0,23.0,,,12083.5,0.0,83900,13.0,12083.5,0.0
0,84000,INTARIAN_PEPPER_ROOT,12077.0,11.0,12074.0,16.0,,,12091.0,11.0,12094.0,16.0,,,12084.0,0.0,84000,14.0,12084.0,0.0
0,84100,INTARIAN_PEPPER_ROOT,,,,,,,12091.0,11.0,12094.0,22.0,,,12091.0,0.0,84100,,,
0,84200,INTARIAN_PEPPER_ROOT,,,,,,,12091.0,10.0,12094.0,21.0,,,12091.0,0.0,84200,,,
0,84300,INTARIAN_PEPPER_ROOT,12078.0,11.0,,,,,12091.0,11.0,12094.0,18.0,,,12084.5,0.0,84300,13.0,12084.5,0.0
0,84400,INTARIAN_PEPPER_ROOT,12078.0,9.0,12075.0,18.0,,,12091.0,9.0,,,,,12084.5,0.0,84400,13.0,12084.5,0.0
0,84500,INTARIAN_PEPPER_ROOT,12075.0,17.0,,,,,12091.0,10.0,12094.0,17.0,,,12083.0,0.0,84500,16.0,12085.074074074075,0.25925925925925924
0,84600,INTARIAN_PEPPER_ROOT,12078.0,10.0,12075.0,16.0,,,12091.0,10.0,12094.0,16.0,,,12084.5,0.0,84600,13.0,12084.5,0.0
0,84700,INTARIAN_PEPPER_ROOT,12078.0,8.0,12075.0,24.0,,,12091.0,8.0,,,,,12084.5,0.0,84700,13.0,12084.5,0.0
0,84800,INTARIAN_PEPPER_ROOT,12078.0,8.0,12075.0,23.0,,,12091.0,8.0,12094.0,23.0,,,12084.5,0.0,84800,13.0,12084.5,0.0
0,84900,INTARIAN_PEPPER_ROOT,12078.0,8.0,12075.0,22.0,,,12094.0,22.0,,,,,12086.0,0.0,84900,16.0,12082.266666666666,-0.4666666666666667
0,85000,INTARIAN_PEPPER_ROOT,12075.0,18.0,,,,,12092.0,10.0,12095.0,18.0,,,12083.5,0.0,85000,17.0,12085.92857142857,0.2857142857142857
0,85100,INTARIAN_PEPPER_ROOT,12079.0,9.0,,,,,12092.0,9.0,12095.0,25.0,,,12085.5,0.0,85100,13.0,12085.5,0.0
0,85200,INTARIAN_PEPPER_ROOT,12079.0,9.0,12076.0,15.0,,,12092.0,9.0,12095.0,15.0,,,12085.5,0.0,85200,13.0,12085.5,0.0
0,85300,INTARIAN_PEPPER_ROOT,12088.0,6.0,12079.0,12.0,12076.0,17.0,12092.0,12.0,12095.0,17.0,,,12090.0,0.0,85300,4.0,12089.333333333334,-0.3333333333333333
0,85400,INTARIAN_PEPPER_ROOT,12079.0,12.0,12076.0,22.0,,,12095.0,22.0,,,,,12087.0,0.0,85400,16.0,12084.64705882353,-0.29411764705882354
0,85500,INTARIAN_PEPPER_ROOT,12076.0,15.0,,,,,12092.0,11.0,12095.0,15.0,,,12084.0,0.0,85500,16.0,12085.23076923077,0.15384615384615385
0,85600,INTARIAN_PEPPER_ROOT,12076.0,19.0,,,,,12092.0,10.0,12095.0,19.0,,,12084.0,0.0,85600,16.0,12086.48275862069,0.3103448275862069
0,85700,INTARIAN_PEPPER_ROOT,12079.0,12.0,12076.0,22.0,,,12092.0,12.0,,,,,12085.5,0.0,85700,13.0,12085.5,0.0
0,85800,INTARIAN_PEPPER_ROOT,12079.0,11.0,12076.0,24.0,,,12082.0,4.0,12092.0,11.0,,,12080.5,0.0,85800,3.0,12081.2,0.4666666666666667
0,85900,INTARIAN_PEPPER_ROOT,12079.0,11.0,12076.0,23.0,,,12092.0,11.0,,,,,12085.5,0.0,85900,13.0,12085.5,0.0
