timestamp,buyer,seller,symbol,currency,price,quantity,day,globalTs
200,,,INTARIAN_PEPPER_ROOT,XIRECS,12007.0,5,0,200
3300,,,INTARIAN_PEPPER_ROOT,XIRECS,12010.0,7,0,3300
4100,,,INTARIAN_PEPPER_ROOT,XIRECS,11998.0,6,0,4100
6800,,,INTARIAN_PEPPER_ROOT,XIRECS,12000.0,5,0,6800
9300,,,INTARIAN_PEPPER_ROOT,XIRECS,12005.0,6,0,9300
11900,,,INTARIAN_PEPPER_ROOT,XIRECS,12015.0,4,0,11900
22500,,,INTARIAN_PEPPER_ROOT,XIRECS,12018.0,4,0,22500
23100,,,INTARIAN_PEPPER_ROOT,XIRECS,12014.0,5,0,23100
23200,,,INTARIAN_PEPPER_ROOT,XIRECS,12019.0,4,0,23200
28400,,,INTARIAN_PEPPER_ROOT,XIRECS,12024.0,8,0,28400
36900,,,INTARIAN_PEPPER_ROOT,XIRECS,12030.0,3,0,36900
37200,,,INTARIAN_PEPPER_ROOT,XIRECS,12031.0,4,0,37200
37300,,,INTARIAN_PEPPER_ROOT,XIRECS,12033.0,5,0,37300
38200,,,INTARIAN_PEPPER_ROOT,XIRECS,12034.0,5,0,38200
38400,,,INTARIAN_PEPPER_ROOT,XIRECS,12042.0,3,0,38400
39200,,,INTARIAN_PEPPER_ROOT,XIRECS,12033.0,3,0,39200
40500,,,INTARIAN_PEPPER_ROOT,XIRECS,12036.0,7,0,40500
47900,,,INTARIAN_PEPPER_ROOT,XIRECS,12044.0,4,0,47900
49200,,,INTARIAN_PEPPER_ROOT,XIRECS,12056.0,5,0,49200
53200,,,INTARIAN_PEPPER_ROOT,XIRECS,12063.0,5,0,53200
65600,,,INTARIAN_PEPPER_ROOT,XIRECS,12069.0,8,0,65600
65800,,,INTARIAN_PEPPER_ROOT,XIRECS,12059.0,4,0,65800
67100,,,INTARIAN_PEPPER_ROOT,XIRECS,12061.0,4,0,67100
68200,,,INTARIAN_PEPPER_ROOT,XIRECS,12059.0,3,0,68200
74500,,,INTARIAN_PEPPER_ROOT,XIRECS,12081.0,6,0,74500
75000,,,INTARIAN_PEPPER_ROOT,XIRECS,12068.0,5,0,75000
77900,,,INTARIAN_PEPPER_ROOT,XIRECS,12071.0,4,0,77900
79800,,,INTARIAN_PEPPER_ROOT,XIRECS,12073.0,6,0,79800
85300,,,INTARIAN_PEPPER_ROOT,XIRECS,12088.0,6,0,85300
86800,,,INTARIAN_PEPPER_ROOT,XIRECS,12090.0,5,0,86800
92600,,,INTARIAN_PEPPER_ROOT,XIRECS,12096.0,5,0,92600
96000,,,INTARIAN_PEPPER_ROOT,XIRECS,12089.0,7,0,96000
96900,,,INTARIAN_PEPPER_ROOT,XIRECS,12103.0,4,0,96900
100000,,,INTARIAN_PEPPER_ROOT,XIRECS,12103.0,4,0,100000
100100,,,INTARIAN_PEPPER_ROOT,XIRECS,12107.0,7,0,100100
102600,,,INTARIAN_PEPPER_ROOT,XIRECS,12098.0,4,0,102600
110100,,,INTARIAN_PEPPER_ROOT,XIRECS,12117.0,7,0,110100
113600,,,INTARIAN_PEPPER_ROOT,XIRECS,12120.0,7,0,113600
115400,,,INTARIAN_PEPPER_ROOT,XIRECS,12122.0,6,0,115400
118200,,,INTARIAN_PEPPER_ROOT,XIRECS,12125.0,6,0,118200
126000,,,INTARIAN_PEPPER_ROOT,XIRECS,12119.0,5,0,126000
128400,,,INTARIAN_PEPPER_ROOT,XIRECS,12122.0,7,0,128400
139000,,,INTARIAN_PEPPER_ROOT,XIRECS,12146.0,3,0,139000
139400,,,INTARIAN_PEPPER_ROOT,XIRECS,12133.0,7,0,139400
141700,,,INTARIAN_PEPPER_ROOT,XIRECS,12145.0,6,0,141700
142400,,,INTARIAN_PEPPER_ROOT,XIRECS,12138.0,5,0,142400
143400,,,INTARIAN_PEPPER_ROOT,XIRECS,12137.0,7,0,143400
147600,,,INTARIAN_PEPPER_ROOT,XIRECS,12154.0,6,0,147600
147700,,,INTARIAN_PEPPER_ROOT,XIRECS,12154.0,3,0,147700
148100,,,INTARIAN_PEPPER_ROOT,XIRECS,12144.0,3,0,148100
148700,,,INTARIAN_PEPPER_ROOT,XIRECS,12145.0,8,0,148700
150500,,,INTARIAN_PEPPER_ROOT,XIRECS,12144.0,6,0,150500
159500,,,INTARIAN_PEPPER_ROOT,XIRECS,12153.0,7,0,159500
170000,,,INTARIAN_PEPPER_ROOT,XIRECS,12177.0,7,0,170000
170400,,,INTARIAN_PEPPER_ROOT,XIRECS,12164.0,3,0,170400
172800,,,INTARIAN_PEPPER_ROOT,XIRECS,12176.0,3,0,172800
179600,,,INTARIAN_PEPPER_ROOT,XIRECS,12170.0,5,0,179600
182200,,,INTARIAN_PEPPER_ROOT,XIRECS,12189.0,5,0,182200
183700,,,INTARIAN_PEPPER_ROOT,XIRECS,12190.0,3,0,183700
186400,,,INTARIAN_PEPPER_ROOT,XIRECS,12193.0,7,0,186400
192400,,,INTARIAN_PEPPER_ROOT,XIRECS,12186.0,3,0,192400
192800,,,INTARIAN_PEPPER_ROOT,XIRECS,12199.0,7,0,192800
196500,,,INTARIAN_PEPPER_ROOT,XIRECS,12192.0,7,0,196500
198800,,,INTARIAN_PEPPER_ROOT,XIRECS,12192.0,6,0,198800
203700,,,INTARIAN_PEPPER_ROOT,XIRECS,12213.0,7,0,203700
213100,,,INTARIAN_PEPPER_ROOT,XIRECS,12216.0,6,0,213100
216000,,,INTARIAN_PEPPER_ROOT,XIRECS,12212.0,3,0,216000
216600,,,INTARIAN_PEPPER_ROOT,XIRECS,12212.0,7,0,216600
216800,,,INTARIAN_PEPPER_ROOT,XIRECS,12223.0,6,0,216800
224500,,,INTARIAN_PEPPER_ROOT,XIRECS,12231.0,6,0,224500
229300,,,INTARIAN_PEPPER_ROOT,XIRECS,12236.0,6,0,229300
233100,,,INTARIAN_PEPPER_ROOT,XIRECS,12226.0,5,0,233100
235900,,,INTARIAN_PEPPER_ROOT,XIRECS,12226.0,7,0,235900
237100,,,INTARIAN_PEPPER_ROOT,XIRECS,12247.0,6,0,237100
237600,,,INTARIAN_PEPPER_ROOT,XIRECS,12231.0,3,0,237600
240400,,,INTARIAN_PEPPER_ROOT,XIRECS,12234.0,6,0,240400
240900,,,INTARIAN_PEPPER_ROOT,XIRECS,12251.0,5,0,240900
243400,,,INTARIAN_PEPPER_ROOT,XIRECS,12237.0,5,0,243400
244200,,,INTARIAN_PEPPER_ROOT,XIRECS,12251.0,6,0,244200
248500,,,INTARIAN_PEPPER_ROOT,XIRECS,12244.0,8,0,248500
249200,,,INTARIAN_PEPPER_ROOT,XIRECS,12256.0,4,0,249200
251800,,,INTARIAN_PEPPER_ROOT,XIRECS,12255.0,4,0,251800
254100,,,INTARIAN_PEPPER_ROOT,XIRECS,12261.0,6,0,254100
256700,,,INTARIAN_PEPPER_ROOT,XIRECS,12263.0,5,0,256700
260200,,,INTARIAN_PEPPER_ROOT,XIRECS,12256.0,3,0,260200
262100,,,INTARIAN_PEPPER_ROOT,XIRECS,12269.0,6,0,262100
264000,,,INTARIAN_PEPPER_ROOT,XIRECS,12257.0,3,0,264000
265200,,,INTARIAN_PEPPER_ROOT,XIRECS,12261.0,8,0,265200
265500,,,INTARIAN_PEPPER_ROOT,XIRECS,12261.0,6,0,265500
265900,,,INTARIAN_PEPPER_ROOT,XIRECS,12262.0,8,0,265900
271900,,,INTARIAN_PEPPER_ROOT,XIRECS,12282.0,7,0,271900
277700,,,INTARIAN_PEPPER_ROOT,XIRECS,12284.0,4,0,277700
280600,,,INTARIAN_PEPPER_ROOT,XIRECS,12276.0,8,0,280600
292400,,,INTARIAN_PEPPER_ROOT,XIRECS,12296.0,6,0,292400
293200,,,INTARIAN_PEPPER_ROOT,XIRECS,12289.0,7,0,293200
297300,,,INTARIAN_PEPPER_ROOT,XIRECS,12293.0,3,0,297300
297600,,,INTARIAN_PEPPER_ROOT,XIRECS,12293.0,8,0,297600
298500,,,INTARIAN_PEPPER_ROOT,XIRECS,12292.0,7,0,298500
300500,,,INTARIAN_PEPPER_ROOT,XIRECS,12294.0,3,0,300500
305100,,,INTARIAN_PEPPER_ROOT,XIRECS,12298.0,6,0,305100
307100,,,INTARIAN_PEPPER_ROOT,XIRECS,12314.0,4,0,307100
317300,,,INTARIAN_PEPPER_ROOT,XIRECS,12327.0,5,0,317300
318500,,,INTARIAN_PEPPER_ROOT,XIRECS,12312.0,6,0,318500
319300,,,INTARIAN_PEPPER_ROOT,XIRECS,12313.0,5,0,319300
321500,,,INTARIAN_PEPPER_ROOT,XIRECS,12328.0,3,0,321500
327600,,,INTARIAN_PEPPER_ROOT,XIRECS,12323.0,3,0,327600
329100,,,INTARIAN_PEPPER_ROOT,XIRECS,12322.0,5,0,329100
331600,,,INTARIAN_PEPPER_ROOT,XIRECS,12322.0,7,0,331600
340300,,,INTARIAN_PEPPER_ROOT,XIRECS,12347.0,6,0,340300
346300,,,INTARIAN_PEPPER_ROOT,XIRECS,12350.0,8,0,346300
352200,,,INTARIAN_PEPPER_ROOT,XIRECS,12359.0,7,0,352200
354000,,,INTARIAN_PEPPER_ROOT,XIRECS,12350.0,3,0,354000
354400,,,INTARIAN_PEPPER_ROOT,XIRECS,12350.0,4,0,354400
355300,,,INTARIAN_PEPPER_ROOT,XIRECS,12349.0,7,0,355300
356100,,,INTARIAN_PEPPER_ROOT,XIRECS,12349.0,4,0,356100
361900,,,INTARIAN_PEPPER_ROOT,XIRECS,12369.0,6,0,361900
363100,,,INTARIAN_PEPPER_ROOT,XIRECS,12356.0,4,0,363100
374200,,,INTARIAN_PEPPER_ROOT,XIRECS,12381.0,5,0,374200
374300,,,INTARIAN_PEPPER_ROOT,XIRECS,12368.0,3,0,374300
374900,,,INTARIAN_PEPPER_ROOT,XIRECS,12382.0,5,0,374900
376100,,,INTARIAN_PEPPER_ROOT,XIRECS,12369.0,5,0,376100
378200,,,INTARIAN_PEPPER_ROOT,XIRECS,12372.0,3,0,378200
378500,,,INTARIAN_PEPPER_ROOT,XIRECS,12385.0,7,0,378500
379400,,,INTARIAN_PEPPER_ROOT,XIRECS,12386.0,7,0,379400
381800,,,INTARIAN_PEPPER_ROOT,XIRECS,12372.0,6,0,381800
386500,,,INTARIAN_PEPPER_ROOT,XIRECS,12390.0,3,0,386500
387500,,,INTARIAN_PEPPER_ROOT,XIRECS,12391.0,7,0,387500
389500,,,INTARIAN_PEPPER_ROOT,XIRECS,12383.0,4,0,389500
397900,,,INTARIAN_PEPPER_ROOT,XIRECS,12394.0,6,0,397900
398400,,,INTARIAN_PEPPER_ROOT,XIRECS,12405.0,5,0,398400
400900,,,INTARIAN_PEPPER_ROOT,XIRECS,12391.0,4,0,400900
404700,,,INTARIAN_PEPPER_ROOT,XIRECS,12395.0,5,0,404700
409600,,,INTARIAN_PEPPER_ROOT,XIRECS,12405.0,6,0,409600
421200,,,INTARIAN_PEPPER_ROOT,XIRECS,12424.0,5,0,421200
422100,,,INTARIAN_PEPPER_ROOT,XIRECS,12415.0,7,0,422100
434800,,,INTARIAN_PEPPER_ROOT,XIRECS,12428.0,3,0,434800
437100,,,INTARIAN_PEPPER_ROOT,XIRECS,12427.0,5,0,437100
442300,,,INTARIAN_PEPPER_ROOT,XIRECS,12438.0,7,0,442300
446300,,,INTARIAN_PEPPER_ROOT,XIRECS,12453.0,5,0,446300
448600,,,INTARIAN_PEPPER_ROOT,XIRECS,12455.0,3,0,448600
450900,,,INTARIAN_PEPPER_ROOT,XIRECS,12444.0,6,0,450900
451200,,,INTARIAN_PEPPER_ROOT,XIRECS,12444.0,7,0,451200
452500,,,INTARIAN_PEPPER_ROOT,XIRECS,12456.0,8,0,452500
458100,,,INTARIAN_PEPPER_ROOT,XIRECS,12454.0,8,0,458100
459800,,,INTARIAN_PEPPER_ROOT,XIRECS,12453.0,6,0,459800
463700,,,INTARIAN_PEPPER_ROOT,XIRECS,12467.0,3,0,463700
470800,,,INTARIAN_PEPPER_ROOT,XIRECS,12478.0,7,0,470800
471100,,,INTARIAN_PEPPER_ROOT,XIRECS,12474.0,6,0,471100
478700,,,INTARIAN_PEPPER_ROOT,XIRECS,12474.0,3,0,478700
480500,,,INTARIAN_PEPPER_ROOT,XIRECS,12487.0,4,0,480500
485300,,,INTARIAN_PEPPER_ROOT,XIRECS,12479.0,3,0,485300
486700,,,INTARIAN_PEPPER_ROOT,XIRECS,12480.0,4,0,486700
487800,,,INTARIAN_PEPPER_ROOT,XIRECS,12481.0,3,0,487800
491300,,,INTARIAN_PEPPER_ROOT,XIRECS,12495.0,4,0,491300
492400,,,INTARIAN_PEPPER_ROOT,XIRECS,12486.0,3,0,492400
495900,,,INTARIAN_PEPPER_ROOT,XIRECS,12489.0,6,0,495900
513000,,,INTARIAN_PEPPER_ROOT,XIRECS,12520.0,6,0,513000
513400,,,INTARIAN_PEPPER_ROOT,XIRECS,12520.0,7,0,513400
513900,,,INTARIAN_PEPPER_ROOT,XIRECS,12517.0,7,0,513900
514700,,,INTARIAN_PEPPER_ROOT,XIRECS,12521.0,5,0,514700
516100,,,INTARIAN_PEPPER_ROOT,XIRECS,12509.0,7,0,516100
516900,,,INTARIAN_PEPPER_ROOT,XIRECS,12510.0,5,0,516900
522800,,,INTARIAN_PEPPER_ROOT,XIRECS,12530.0,5,0,522800
524200,,,INTARIAN_PEPPER_ROOT,XIRECS,12521.0,7,0,524200
530400,,,INTARIAN_PEPPER_ROOT,XIRECS,12534.0,7,0,530400
532000,,,INTARIAN_PEPPER_ROOT,XIRECS,12525.0,4,0,532000
533100,,,INTARIAN_PEPPER_ROOT,XIRECS,12523.0,5,0,533100
538300,,,INTARIAN_PEPPER_ROOT,XIRECS,12545.0,6,0,538300
539900,,,INTARIAN_PEPPER_ROOT,XIRECS,12550.0,5,0,539900
541200,,,INTARIAN_PEPPER_ROOT,XIRECS,12534.0,7,0,541200
546800,,,INTARIAN_PEPPER_ROOT,XIRECS,12540.0,6,0,546800
554200,,,INTARIAN_PEPPER_ROOT,XIRECS,12561.0,3,0,554200
554300,,,INTARIAN_PEPPER_ROOT,XIRECS,12550.0,3,0,554300
563400,,,INTARIAN_PEPPER_ROOT,XIRECS,12557.0,4,0,563400
566200,,,INTARIAN_PEPPER_ROOT,XIRECS,12559.0,6,0,566200
568200,,,INTARIAN_PEPPER_ROOT,XIRECS,12564.0,7,0,568200
575500,,,INTARIAN_PEPPER_ROOT,XIRECS,12582.0,5,0,575500
579200,,,INTARIAN_PEPPER_ROOT,XIRECS,12575.0,4,0,579200
581100,,,INTARIAN_PEPPER_ROOT,XIRECS,12574.0,4,0,581100
584800,,,INTARIAN_PEPPER_ROOT,XIRECS,12595.0,3,0,584800
592300,,,INTARIAN_PEPPER_ROOT,XIRECS,12599.0,3,0,592300
595400,,,INTARIAN_PEPPER_ROOT,XIRECS,12585.0,3,0,595400
607800,,,INTARIAN_PEPPER_ROOT,XIRECS,12615.0,6,0,607800
608000,,,INTARIAN_PEPPER_ROOT,XIRECS,12604.0,5,0,608000
609000,,,INTARIAN_PEPPER_ROOT,XIRECS,12616.0,7,0,609000
610900,,,INTARIAN_PEPPER_ROOT,XIRECS,12618.0,7,0,610900
611900,,,INTARIAN_PEPPER_ROOT,XIRECS,12622.0,7,0,611900
616200,,,INTARIAN_PEPPER_ROOT,XIRECS,12623.0,5,0,616200
618000,,,INTARIAN_PEPPER_ROOT,XIRECS,12614.0,6,0,618000
619800,,,INTARIAN_PEPPER_ROOT,XIRECS,12627.0,5,0,619800
628800,,,INTARIAN_PEPPER_ROOT,XIRECS,12622.0,3,0,628800
629100,,,INTARIAN_PEPPER_ROOT,XIRECS,12625.0,4,0,629100
632500,,,INTARIAN_PEPPER_ROOT,XIRECS,12639.0,4,0,632500
632800,,,INTARIAN_PEPPER_ROOT,XIRECS,12626.0,4,0,632800
634300,,,INTARIAN_PEPPER_ROOT,XIRECS,12624.0,5,0,634300
635000,,,INTARIAN_PEPPER_ROOT,XIRECS,12638.0,5,0,635000
638300,,,INTARIAN_PEPPER_ROOT,XIRECS,12628.0,6,0,638300
639800,,,INTARIAN_PEPPER_ROOT,XIRECS,12643.0,5,0,639800
641600,,,INTARIAN_PEPPER_ROOT,XIRECS,12637.0,8,0,641600
641800,,,INTARIAN_PEPPER_ROOT,XIRECS,12645.0,6,0,641800
642400,,,INTARIAN_PEPPER_ROOT,XIRECS,12638.0,8,0,642400
644500,,,INTARIAN_PEPPER_ROOT,XIRECS,12638.0,5,0,644500
648100,,,INTARIAN_PEPPER_ROOT,XIRECS,12651.0,3,0,648100
657500,,,INTARIAN_PEPPER_ROOT,XIRECS,12664.0,7,0,657500
663300,,,INTARIAN_PEPPER_ROOT,XIRECS,12667.0,3,0,663300
664400,,,INTARIAN_PEPPER_ROOT,XIRECS,12654.0,7,0,664400
665000,,,INTARIAN_PEPPER_ROOT,XIRECS,12672.0,4,0,665000
667800,,,INTARIAN_PEPPER_ROOT,XIRECS,12675.0,4,0,667800
668300,,,INTARIAN_PEPPER_ROOT,XIRECS,12675.0,7,0,668300
668300,,,INTARIAN_PEPPER_ROOT,XIRECS,12672.0,4,0,668300
671400,,,INTARIAN_PEPPER_ROOT,XIRECS,12665.0,3,0,671400
676600,,,INTARIAN_PEPPER_ROOT,XIRECS,12680.0,6,0,676600
679700,,,INTARIAN_PEPPER_ROOT,XIRECS,12673.0,6,0,679700
683700,,,INTARIAN_PEPPER_ROOT,XIRECS,12691.0,6,0,683700
686800,,,INTARIAN_PEPPER_ROOT,XIRECS,12680.0,5,0,686800
688600,,,INTARIAN_PEPPER_ROOT,XIRECS,12682.0,4,0,688600
694800,,,INTARIAN_PEPPER_ROOT,XIRECS,12702.0,5,0,694800
696300,,,INTARIAN_PEPPER_ROOT,XIRECS,12700.0,6,0,696300
696800,,,INTARIAN_PEPPER_ROOT,XIRECS,12700.0,5,0,696800
700300,,,INTARIAN_PEPPER_ROOT,XIRECS,12707.0,4,0,700300
700800,,,INTARIAN_PEPPER_ROOT,XIRECS,12708.0,3,0,700800
719900,,,INTARIAN_PEPPER_ROOT,XIRECS,12716.0,5,0,719900
720700,,,INTARIAN_PEPPER_ROOT,XIRECS,12714.0,6,0,720700
722200,,,INTARIAN_PEPPER_ROOT,XIRECS,12729.0,3,0,722200
732700,,,INTARIAN_PEPPER_ROOT,XIRECS,12728.0,8,0,732700
738700,,,INTARIAN_PEPPER_ROOT,XIRECS,12732.0,6,0,738700
746600,,,INTARIAN_PEPPER_ROOT,XIRECS,12742.0,7,0,746600
746800,,,INTARIAN_PEPPER_ROOT,XIRECS,12750.0,4,0,746800
747600,,,INTARIAN_PEPPER_ROOT,XIRECS,12758.0,5,0,747600
751100,,,INTARIAN_PEPPER_ROOT,XIRECS,12758.0,7,0,751100
756100,,,INTARIAN_PEPPER_ROOT,XIRECS,12749.0,5,0,756100
757800,,,INTARIAN_PEPPER_ROOT,XIRECS,12751.0,4,0,757800
763700,,,INTARIAN_PEPPER_ROOT,XIRECS,12754.0,5,0,763700
767500,,,INTARIAN_PEPPER_ROOT,XIRECS,12761.0,3,0,767500
768400,,,INTARIAN_PEPPER_ROOT,XIRECS,12775.0,6,0,768400
770000,,,INTARIAN_PEPPER_ROOT,XIRECS,12773.0,3,0,770000
774200,,,INTARIAN_PEPPER_ROOT,XIRECS,12767.0,6,0,774200
774500,,,INTARIAN_PEPPER_ROOT,XIRECS,12778.0,8,0,774500
781500,,,INTARIAN_PEPPER_ROOT,XIRECS,12777.0,7,0,781500
785100,,,INTARIAN_PEPPER_ROOT,XIRECS,12792.0,3,0,785100
791600,,,INTARIAN_PEPPER_ROOT,XIRECS,12798.0,5,0,791600
792200,,,INTARIAN_PEPPER_ROOT,XIRECS,12785.0,6,0,792200
793900,,,INTARIAN_PEPPER_ROOT,XIRECS,12790.0,6,0,793900
795500,,,INTARIAN_PEPPER_ROOT,XIRECS,12789.0,4,0,795500
796800,,,INTARIAN_PEPPER_ROOT,XIRECS,12800.0,7,0,796800
798000,,,INTARIAN_PEPPER_ROOT,XIRECS,12808.0,4,0,798000
799100,,,INTARIAN_PEPPER_ROOT,XIRECS,12789.0,6,0,799100
800600,,,INTARIAN_PEPPER_ROOT,XIRECS,12796.0,4,0,800600
801100,,,INTARIAN_PEPPER_ROOT,XIRECS,12808.0,5,0,801100
809500,,,INTARIAN_PEPPER_ROOT,XIRECS,12805.0,5,0,809500
814800,,,INTARIAN_PEPPER_ROOT,XIRECS,12825.0,7,0,814800
815200,,,INTARIAN_PEPPER_ROOT,XIRECS,12822.0,6,0,815200
818800,,,INTARIAN_PEPPER_ROOT,XIRECS,12826.0,4,0,818800
819700,,,INTARIAN_PEPPER_ROOT,XIRECS,12827.0,3,0,819700
822000,,,INTARIAN_PEPPER_ROOT,XIRECS,12818.0,8,0,822000
825200,,,INTARIAN_PEPPER_ROOT,XIRECS,12821.0,3,0,825200
831400,,,INTARIAN_PEPPER_ROOT,XIRECS,12835.0,8,0,831400
832400,,,INTARIAN_PEPPER_ROOT,XIRECS,12839.0,6,0,832400
835800,,,INTARIAN_PEPPER_ROOT,XIRECS,12843.0,6,0,835800
838400,,,INTARIAN_PEPPER_ROOT,XIRECS,12828.0,5,0,838400
838800,,,INTARIAN_PEPPER_ROOT,XIRECS,12842.0,5,0,838800
841900,,,INTARIAN_PEPPER_ROOT,XIRECS,12845.0,3,0,841900
844300,,,INTARIAN_PEPPER_ROOT,XIRECS,12851.0,5,0,844300
844400,,,INTARIAN_PEPPER_ROOT,XIRECS,12837.0,4,0,844400
846300,,,INTARIAN_PEPPER_ROOT,XIRECS,12839.0,3,0,846300
848800,,,INTARIAN_PEPPER_ROOT,XIRECS,12856.0,4,0,848800
851400,,,INTARIAN_PEPPER_ROOT,XIRECS,12858.0,5,0,851400
853000,,,INTARIAN_PEPPER_ROOT,XIRECS,12863.0,5,0,853000
853300,,,INTARIAN_PEPPER_ROOT,XIRECS,12846.0,5,0,853300
861800,,,INTARIAN_PEPPER_ROOT,XIRECS,12865.0,3,0,861800
864900,,,INTARIAN_PEPPER_ROOT,XIRECS,12868.0,7,0,864900
866000,,,INTARIAN_PEPPER_ROOT,XIRECS,12873.0,6,0,866000
866200,,,INTARIAN_PEPPER_ROOT,XIRECS,12862.0,3,0,866200
869000,,,INTARIAN_PEPPER_ROOT,XIRECS,12865.0,5,0,869000
870200,,,INTARIAN_PEPPER_ROOT,XIRECS,12874.0,6,0,870200
873100,,,INTARIAN_PEPPER_ROOT,XIRECS,12866.0,6,0,873100
878600,,,INTARIAN_PEPPER_ROOT,XIRECS,12882.0,5,0,878600
881600,,,INTARIAN_PEPPER_ROOT,XIRECS,12871.0,4,0,881600
882200,,,INTARIAN_PEPPER_ROOT,XIRECS,12892.0,7,0,882200
892100,,,INTARIAN_PEPPER_ROOT,XIRECS,12885.0,4,0,892100
892900,,,INTARIAN_PEPPER_ROOT,XIRECS,12886.0,3,0,892900
893500,,,INTARIAN_PEPPER_ROOT,XIRECS,12889.0,3,0,893500
894200,,,INTARIAN_PEPPER_ROOT,XIRECS,12901.0,7,0,894200
896500,,,INTARIAN_PEPPER_ROOT,XIRECS,12890.0,6,0,896500
902000,,,INTARIAN_PEPPER_ROOT,XIRECS,12895.0,4,0,902000
904700,,,INTARIAN_PEPPER_ROOT,XIRECS,12900.0,7,0,904700
904800,,,INTARIAN_PEPPER_ROOT,XIRECS,12898.0,7,0,904800
906500,,,INTARIAN_PEPPER_ROOT,XIRECS,12917.0,6,0,906500
908800,,,INTARIAN_PEPPER_ROOT,XIRECS,12904.0,7,0,908800
911500,,,INTARIAN_PEPPER_ROOT,XIRECS,12918.0,4,0,911500
913400,,,INTARIAN_PEPPER_ROOT,XIRECS,12917.0,5,0,913400
914400,,,INTARIAN_PEPPER_ROOT,XIRECS,12910.0,7,0,914400
917000,,,INTARIAN_PEPPER_ROOT,XIRECS,12920.0,4,0,917000
922400,,,INTARIAN_PEPPER_ROOT,XIRECS,12915.0,3,0,922400
922700,,,INTARIAN_PEPPER_ROOT,XIRECS,12916.0,5,0,922700
923000,,,INTARIAN_PEPPER_ROOT,XIRECS,12916.0,7,0,923000
927600,,,INTARIAN_PEPPER_ROOT,XIRECS,12921.0,4,0,927600
928600,,,INTARIAN_PEPPER_ROOT,XIRECS,12922.0,7,0,928600
935100,,,INTARIAN_PEPPER_ROOT,XIRECS,12931.0,4,0,935100
936200,,,INTARIAN_PEPPER_ROOT,XIRECS,12932.0,7,0,936200
936700,,,INTARIAN_PEPPER_ROOT,XIRECS,12930.0,3,0,936700
937400,,,INTARIAN_PEPPER_ROOT,XIRECS,12941.0,3,0,937400
937600,,,INTARIAN_PEPPER_ROOT,XIRECS,12931.0,7,0,937600
939400,,,INTARIAN_PEPPER_ROOT,XIRECS,12943.0,8,0,939400
940100,,,INTARIAN_PEPPER_ROOT,XIRECS,12930.0,5,0,940100
943700,,,INTARIAN_PEPPER_ROOT,XIRECS,12951.0,3,0,943700
951400,,,INTARIAN_PEPPER_ROOT,XIRECS,12958.0,3,0,951400
954500,,,INTARIAN_PEPPER_ROOT,XIRECS,12948.0,4,0,954500
954600,,,INTARIAN_PEPPER_ROOT,XIRECS,12948.0,4,0,954600
955100,,,INTARIAN_PEPPER_ROOT,XIRECS,12951.0,8,0,955100
956900,,,INTARIAN_PEPPER_ROOT,XIRECS,12947.0,5,0,956900
957200,,,INTARIAN_PEPPER_ROOT,XIRECS,12950.0,7,0,957200
957900,,,INTARIAN_PEPPER_ROOT,XIRECS,12965.0,7,0,957900
958900,,,INTARIAN_PEPPER_ROOT,XIRECS,12955.0,7,0,958900
960600,,,INTARIAN_PEPPER_ROOT,XIRECS,12956.0,3,0,960600
960600,,,INTARIAN_PEPPER_ROOT,XIRECS,12956.0,2,0,960600
961600,,,INTARIAN_PEPPER_ROOT,XIRECS,12955.0,3,0,961600
965100,,,INTARIAN_PEPPER_ROOT,XIRECS,12958.0,6,0,965100
971300,,,INTARIAN_PEPPER_ROOT,XIRECS,12975.0,3,0,971300
971600,,,INTARIAN_PEPPER_ROOT,XIRECS,12967.0,7,0,971600
972000,,,INTARIAN_PEPPER_ROOT,XIRECS,12965.0,3,0,972000
975500,,,INTARIAN_PEPPER_ROOT,XIRECS,12969.0,6,0,975500
978800,,,INTARIAN_PEPPER_ROOT,XIRECS,12972.0,4,0,978800
985800,,,INTARIAN_PEPPER_ROOT,XIRECS,12981.0,5,0,985800
989200,,,INTARIAN_PEPPER_ROOT,XIRECS,12993.0,8,0,989200
989900,,,INTARIAN_PEPPER_ROOT,XIRECS,12986.0,4,0,989900
990200,,,INTARIAN_PEPPER_ROOT,XIRECS,12983.0,6,0,990200
990700,,,INTARIAN_PEPPER_ROOT,XIRECS,12998.0,6,0,990700
990900,,,INTARIAN_PEPPER_ROOT,XIRECS,12984.0,6,0,990900
991300,,,INTARIAN_PEPPER_ROOT,XIRECS,12984.0,3,0,991300
995000,,,INTARIAN_PEPPER_ROOT,XIRECS,13002.0,4,0,995000
998400,,,INTARIAN_PEPPER_ROOT,XIRECS,13005.0,4,0,998400
3000,,,INTARIAN_PEPPER_ROOT,XIRECS,10999.0,8,1,103000
4200,,,INTARIAN_PEPPER_ROOT,XIRECS,10995.0,4,1,104200
6300,,,INTARIAN_PEPPER_ROOT,XIRECS,11000.0,4,1,106300
17900,,,INTARIAN_PEPPER_ROOT,XIRECS,11012.0,6,1,117900
19700,,,INTARIAN_PEPPER_ROOT,XIRECS,11011.0,7,1,119700
24100,,,INTARIAN_PEPPER_ROOT,XIRECS,11030.0,5,1,124100
25800,,,INTARIAN_PEPPER_ROOT,XIRECS,11029.0,3,1,125800
28200,,,INTARIAN_PEPPER_ROOT,XIRECS,11034.0,6,1,128200
29100,,,INTARIAN_PEPPER_ROOT,XIRECS,11035.0,6,1,129100
31600,,,INTARIAN_PEPPER_ROOT,XIRECS,11034.0,3,1,131600
34900,,,INTARIAN_PEPPER_ROOT,XIRECS,11044.0,6,1,134900
35000,,,INTARIAN_PEPPER_ROOT,XIRECS,11038.0,8,1,135000
38500,,,INTARIAN_PEPPER_ROOT,XIRECS,11032.0,4,1,138500
38700,,,INTARIAN_PEPPER_ROOT,XIRECS,11035.0,5,1,138700
40000,,,INTARIAN_PEPPER_ROOT,XIRECS,11036.0,5,1,140000
40300,,,INTARIAN_PEPPER_ROOT,XIRECS,11034.0,4,1,140300
40400,,,INTARIAN_PEPPER_ROOT,XIRECS,11046.0,3,1,140400
41900,,,INTARIAN_PEPPER_ROOT,XIRECS,11048.0,5,1,141900
42700,,,INTARIAN_PEPPER_ROOT,XIRECS,11049.0,6,1,142700
44800,,,INTARIAN_PEPPER_ROOT,XIRECS,11039.0,4,1,144800
52900,,,INTARIAN_PEPPER_ROOT,XIRECS,11047.0,5,1,152900
53100,,,INTARIAN_PEPPER_ROOT,XIRECS,11049.0,4,1,153100
63900,,,INTARIAN_PEPPER_ROOT,XIRECS,11067.0,7,1,163900
70500,,,INTARIAN_PEPPER_ROOT,XIRECS,11067.0,3,1,170500
73900,,,INTARIAN_PEPPER_ROOT,XIRECS,11068.0,7,1,173900
74000,,,INTARIAN_PEPPER_ROOT,XIRECS,11080.0,5,1,174000
76800,,,INTARIAN_PEPPER_ROOT,XIRECS,11083.0,6,1,176800
81000,,,INTARIAN_PEPPER_ROOT,XIRECS,11072.0,5,1,181000
81700,,,INTARIAN_PEPPER_ROOT,XIRECS,11088.0,6,1,181700
81900,,,INTARIAN_PEPPER_ROOT,XIRECS,11088.0,5,1,181900
83100,,,INTARIAN_PEPPER_ROOT,XIRECS,11089.0,7,1,183100
88700,,,INTARIAN_PEPPER_ROOT,XIRECS,11083.0,3,1,188700
88800,,,INTARIAN_PEPPER_ROOT,XIRECS,11083.0,3,1,188800
94600,,,INTARIAN_PEPPER_ROOT,XIRECS,11091.0,7,1,194600
98400,,,INTARIAN_PEPPER_ROOT,XIRECS,11104.0,3,1,198400
99400,,,INTARIAN_PEPPER_ROOT,XIRECS,11096.0,8,1,199400
101000,,,INTARIAN_PEPPER_ROOT,XIRECS,11097.0,4,1,201000
108800,,,INTARIAN_PEPPER_ROOT,XIRECS,11115.0,5,1,208800
113600,,,INTARIAN_PEPPER_ROOT,XIRECS,11111.0,4,1,213600
120600,,,INTARIAN_PEPPER_ROOT,XIRECS,11115.0,6,1,220600
121900,,,INTARIAN_PEPPER_ROOT,XIRECS,11128.0,4,1,221900
122600,,,INTARIAN_PEPPER_ROOT,XIRECS,11117.0,7,1,222600
123400,,,INTARIAN_PEPPER_ROOT,XIRECS,11132.0,5,1,223400
124900,,,INTARIAN_PEPPER_ROOT,XIRECS,11119.0,6,1,224900
125400,,,INTARIAN_PEPPER_ROOT,XIRECS,11131.0,7,1,225400
128000,,,INTARIAN_PEPPER_ROOT,XIRECS,11122.0,7,1,228000
128700,,,INTARIAN_PEPPER_ROOT,XIRECS,11125.0,3,1,228700
131500,,,INTARIAN_PEPPER_ROOT,XIRECS,11125.0,3,1,231500
132200,,,INTARIAN_PEPPER_ROOT,XIRECS,11126.0,7,1,232200
133100,,,INTARIAN_PEPPER_ROOT,XIRECS,11139.0,6,1,233100
136100,,,INTARIAN_PEPPER_ROOT,XIRECS,11132.0,6,1,236100
139300,,,INTARIAN_PEPPER_ROOT,XIRECS,11133.0,4,1,239300
139400,,,INTARIAN_PEPPER_ROOT,XIRECS,11133.0,7,1,239400
139600,,,INTARIAN_PEPPER_ROOT,XIRECS,11146.0,6,1,239600
139800,,,INTARIAN_PEPPER_ROOT,XIRECS,11134.0,7,1,239800
141200,,,INTARIAN_PEPPER_ROOT,XIRECS,11147.0,6,1,241200
147000,,,INTARIAN_PEPPER_ROOT,XIRECS,11153.0,7,1,247000
148700,,,INTARIAN_PEPPER_ROOT,XIRECS,11145.0,6,1,248700
157200,,,INTARIAN_PEPPER_ROOT,XIRECS,11163.0,4,1,257200
161800,,,INTARIAN_PEPPER_ROOT,XIRECS,11165.0,6,1,261800
170300,,,INTARIAN_PEPPER_ROOT,XIRECS,11176.0,7,1,270300
174000,,,INTARIAN_PEPPER_ROOT,XIRECS,11165.0,7,1,274000
178800,,,INTARIAN_PEPPER_ROOT,XIRECS,11185.0,4,1,278800
184800,,,INTARIAN_PEPPER_ROOT,XIRECS,11188.0,7,1,284800
186800,,,INTARIAN_PEPPER_ROOT,XIRECS,11196.0,7,1,286800
187000,,,INTARIAN_PEPPER_ROOT,XIRECS,11196.0,3,1,287000
191300,,,INTARIAN_PEPPER_ROOT,XIRECS,11185.0,7,1,291300
208300,,,INTARIAN_PEPPER_ROOT,XIRECS,11214.0,7,1,308300
211700,,,INTARIAN_PEPPER_ROOT,XIRECS,11206.0,4,1,311700
215300,,,INTARIAN_PEPPER_ROOT,XIRECS,11211.0,5,1,315300
218900,,,INTARIAN_PEPPER_ROOT,XIRECS,11225.0,3,1,318900
222800,,,INTARIAN_PEPPER_ROOT,XIRECS,11217.0,4,1,322800
228300,,,INTARIAN_PEPPER_ROOT,XIRECS,11234.0,3,1,328300
229500,,,INTARIAN_PEPPER_ROOT,XIRECS,11223.0,4,1,329500
232900,,,INTARIAN_PEPPER_ROOT,XIRECS,11239.0,4,1,332900
235100,,,INTARIAN_PEPPER_ROOT,XIRECS,11238.0,6,1,335100
241200,,,INTARIAN_PEPPER_ROOT,XIRECS,11244.0,6,1,341200
243200,,,INTARIAN_PEPPER_ROOT,XIRECS,11249.0,5,1,343200
245300,,,INTARIAN_PEPPER_ROOT,XIRECS,11239.0,6,1,345300
245500,,,INTARIAN_PEPPER_ROOT,XIRECS,11252.0,6,1,345500
251900,,,INTARIAN_PEPPER_ROOT,XIRECS,11255.0,8,1,351900
259200,,,INTARIAN_PEPPER_ROOT,XIRECS,11265.0,7,1,359200
263800,,,INTARIAN_PEPPER_ROOT,XIRECS,11258.0,6,1,363800
263900,,,INTARIAN_PEPPER_ROOT,XIRECS,11258.0,6,1,363900
269600,,,INTARIAN_PEPPER_ROOT,XIRECS,11263.0,7,1,369600
272700,,,INTARIAN_PEPPER_ROOT,XIRECS,11269.0,6,1,372700
273300,,,INTARIAN_PEPPER_ROOT,XIRECS,11264.0,5,1,373300
273700,,,INTARIAN_PEPPER_ROOT,XIRECS,11268.0,3,1,373700
275900,,,INTARIAN_PEPPER_ROOT,XIRECS,11270.0,7,1,375900
276000,,,INTARIAN_PEPPER_ROOT,XIRECS,11272.0,6,1,376000
282100,,,INTARIAN_PEPPER_ROOT,XIRECS,11285.0,4,1,382100
283800,,,INTARIAN_PEPPER_ROOT,XIRECS,11287.0,6,1,383800
287400,,,INTARIAN_PEPPER_ROOT,XIRECS,11290.0,5,1,387400
289600,,,INTARIAN_PEPPER_ROOT,XIRECS,11296.0,7,1,389600
298800,,,INTARIAN_PEPPER_ROOT,XIRECS,11302.0,7,1,398800
301200,,,INTARIAN_PEPPER_ROOT,XIRECS,11297.0,8,1,401200
302500,,,INTARIAN_PEPPER_ROOT,XIRECS,11299.0,8,1,402500
303200,,,INTARIAN_PEPPER_ROOT,XIRECS,11297.0,7,1,403200
309100,,,INTARIAN_PEPPER_ROOT,XIRECS,11300.0,5,1,409100
309700,,,INTARIAN_PEPPER_ROOT,XIRECS,11316.0,6,1,409700
316600,,,INTARIAN_PEPPER_ROOT,XIRECS,11310.0,4,1,416600
320500,,,INTARIAN_PEPPER_ROOT,XIRECS,11317.0,3,1,420500
324600,,,INTARIAN_PEPPER_ROOT,XIRECS,11318.0,4,1,424600
325100,,,INTARIAN_PEPPER_ROOT,XIRECS,11319.0,5,1,425100
329700,,,INTARIAN_PEPPER_ROOT,XIRECS,11326.0,4,1,429700
337700,,,INTARIAN_PEPPER_ROOT,XIRECS,11344.0,4,1,437700
350500,,,INTARIAN_PEPPER_ROOT,XIRECS,11347.0,5,1,450500
350900,,,INTARIAN_PEPPER_ROOT,XIRECS,11345.0,4,1,450900
351600,,,INTARIAN_PEPPER_ROOT,XIRECS,11361.0,4,1,451600
359500,,,INTARIAN_PEPPER_ROOT,XIRECS,11366.0,3,1,459500
363600,,,INTARIAN_PEPPER_ROOT,XIRECS,11357.0,7,1,463600
363800,,,INTARIAN_PEPPER_ROOT,XIRECS,11358.0,7,1,463800
367800,,,INTARIAN_PEPPER_ROOT,XIRECS,11371.0,5,1,467800
369200,,,INTARIAN_PEPPER_ROOT,XIRECS,11363.0,3,1,469200
371200,,,INTARIAN_PEPPER_ROOT,XIRECS,11365.0,7,1,471200
371400,,,INTARIAN_PEPPER_ROOT,XIRECS,11365.0,7,1,471400
378200,,,INTARIAN_PEPPER_ROOT,XIRECS,11387.0,3,1,478200
384200,,,INTARIAN_PEPPER_ROOT,XIRECS,11390.0,6,1,484200
388700,,,INTARIAN_PEPPER_ROOT,XIRECS,11395.0,5,1,488700
393200,,,INTARIAN_PEPPER_ROOT,XIRECS,11389.0,6,1,493200
398800,,,INTARIAN_PEPPER_ROOT,XIRECS,11395.0,5,1,498800
399000,,,INTARIAN_PEPPER_ROOT,XIRECS,11395.0,7,1,499000
400000,,,INTARIAN_PEPPER_ROOT,XIRECS,11394.0,7,1,500000
405100,,,INTARIAN_PEPPER_ROOT,XIRECS,11411.0,5,1,505100
406700,,,INTARIAN_PEPPER_ROOT,XIRECS,11413.0,7,1,506700
407300,,,INTARIAN_PEPPER_ROOT,XIRECS,11410.0,6,1,507300
409300,,,INTARIAN_PEPPER_ROOT,XIRECS,11405.0,5,1,509300
412600,,,INTARIAN_PEPPER_ROOT,XIRECS,11406.0,7,1,512600
413500,,,INTARIAN_PEPPER_ROOT,XIRECS,11420.0,3,1,513500
415700,,,INTARIAN_PEPPER_ROOT,XIRECS,11409.0,7,1,515700
417900,,,INTARIAN_PEPPER_ROOT,XIRECS,11412.0,6,1,517900
420600,,,INTARIAN_PEPPER_ROOT,XIRECS,11414.0,7,1,520600
421100,,,INTARIAN_PEPPER_ROOT,XIRECS,11415.0,3,1,521100
423200,,,INTARIAN_PEPPER_ROOT,XIRECS,11417.0,6,1,523200
424800,,,INTARIAN_PEPPER_ROOT,XIRECS,11421.0,6,1,524800
429600,,,INTARIAN_PEPPER_ROOT,XIRECS,11426.0,3,1,529600
431600,,,INTARIAN_PEPPER_ROOT,XIRECS,11425.0,7,1,531600
432100,,,INTARIAN_PEPPER_ROOT,XIRECS,11435.0,6,1,532100
432300,,,INTARIAN_PEPPER_ROOT,XIRECS,11426.0,7,1,532300
435500,,,INTARIAN_PEPPER_ROOT,XIRECS,11438.0,5,1,535500
436500,,,INTARIAN_PEPPER_ROOT,XIRECS,11430.0,3,1,536500
453500,,,INTARIAN_PEPPER_ROOT,XIRECS,11450.0,7,1,553500
455400,,,INTARIAN_PEPPER_ROOT,XIRECS,11464.0,5,1,555400
457500,,,INTARIAN_PEPPER_ROOT,XIRECS,11464.0,5,1,557500
457600,,,INTARIAN_PEPPER_ROOT,XIRECS,11464.0,4,1,557600
460000,,,INTARIAN_PEPPER_ROOT,XIRECS,11454.0,6,1,560000
460700,,,INTARIAN_PEPPER_ROOT,XIRECS,11464.0,7,1,560700
464100,,,INTARIAN_PEPPER_ROOT,XIRECS,11458.0,6,1,564100
465200,,,INTARIAN_PEPPER_ROOT,XIRECS,11468.0,5,1,565200
469000,,,INTARIAN_PEPPER_ROOT,XIRECS,11475.0,7,1,569000
470900,,,INTARIAN_PEPPER_ROOT,XIRECS,11465.0,7,1,570900
479500,,,INTARIAN_PEPPER_ROOT,XIRECS,11473.0,3,1,579500
484200,,,INTARIAN_PEPPER_ROOT,XIRECS,11478.0,6,1,584200
487200,,,INTARIAN_PEPPER_ROOT,XIRECS,11493.0,6,1,587200
488700,,,INTARIAN_PEPPER_ROOT,XIRECS,11495.0,3,1,588700
488800,,,INTARIAN_PEPPER_ROOT,XIRECS,11483.0,5,1,588800
494600,,,INTARIAN_PEPPER_ROOT,XIRECS,11485.0,5,1,594600
494900,,,INTARIAN_PEPPER_ROOT,XIRECS,11501.0,3,1,594900
497200,,,INTARIAN_PEPPER_ROOT,XIRECS,11488.0,4,1,597200
497800,,,INTARIAN_PEPPER_ROOT,XIRECS,11504.0,5,1,597800
498800,,,INTARIAN_PEPPER_ROOT,XIRECS,11502.0,3,1,598800
500300,,,INTARIAN_PEPPER_ROOT,XIRECS,11507.0,6,1,600300
503800,,,INTARIAN_PEPPER_ROOT,XIRECS,11510.0,4,1,603800
504900,,,INTARIAN_PEPPER_ROOT,XIRECS,11499.0,4,1,604900
507700,,,INTARIAN_PEPPER_ROOT,XIRECS,11501.0,6,1,607700
508700,,,INTARIAN_PEPPER_ROOT,XIRECS,11515.0,5,1,608700
508800,,,INTARIAN_PEPPER_ROOT,XIRECS,11515.0,5,1,608800
509600,,,INTARIAN_PEPPER_ROOT,XIRECS,11503.0,4,1,609600
512100,,,INTARIAN_PEPPER_ROOT,XIRECS,11515.0,6,1,612100
513000,,,INTARIAN_PEPPER_ROOT,XIRECS,11509.0,7,1,613000
514300,,,INTARIAN_PEPPER_ROOT,XIRECS,11517.0,6,1,614300
516700,,,INTARIAN_PEPPER_ROOT,XIRECS,11523.0,6,1,616700
517700,,,INTARIAN_PEPPER_ROOT,XIRECS,11511.0,7,1,617700
519200,,,INTARIAN_PEPPER_ROOT,XIRECS,11513.0,6,1,619200
523400,,,INTARIAN_PEPPER_ROOT,XIRECS,11517.0,6,1,623400
524600,,,INTARIAN_PEPPER_ROOT,XIRECS,11521.0,3,1,624600
524700,,,INTARIAN_PEPPER_ROOT,XIRECS,11528.0,7,1,624700
525500,,,INTARIAN_PEPPER_ROOT,XIRECS,11516.0,6,1,625500
529400,,,INTARIAN_PEPPER_ROOT,XIRECS,11536.0,3,1,629400
534000,,,INTARIAN_PEPPER_ROOT,XIRECS,11537.0,4,1,634000
534100,,,INTARIAN_PEPPER_ROOT,XIRECS,11537.0,4,1,634100
537800,,,INTARIAN_PEPPER_ROOT,XIRECS,11541.0,7,1,637800
543100,,,INTARIAN_PEPPER_ROOT,XIRECS,11549.0,5,1,643100
544200,,,INTARIAN_PEPPER_ROOT,XIRECS,11535.0,3,1,644200
547500,,,INTARIAN_PEPPER_ROOT,XIRECS,11541.0,6,1,647500
547800,,,INTARIAN_PEPPER_ROOT,XIRECS,11557.0,5,1,647800
552200,,,INTARIAN_PEPPER_ROOT,XIRECS,11548.0,3,1,652200
553200,,,INTARIAN_PEPPER_ROOT,XIRECS,11547.0,5,1,653200
555400,,,INTARIAN_PEPPER_ROOT,XIRECS,11558.0,4,1,655400
564100,,,INTARIAN_PEPPER_ROOT,XIRECS,11558.0,7,1,664100
574600,,,INTARIAN_PEPPER_ROOT,XIRECS,11578.0,8,1,674600
574700,,,INTARIAN_PEPPER_ROOT,XIRECS,11581.0,6,1,674700
576500,,,INTARIAN_PEPPER_ROOT,XIRECS,11570.0,5,1,676500
586900,,,INTARIAN_PEPPER_ROOT,XIRECS,11590.0,7,1,686900
590700,,,INTARIAN_PEPPER_ROOT,XIRECS,11594.0,8,1,690700
591600,,,INTARIAN_PEPPER_ROOT,XIRECS,11588.0,7,1,691600
593200,,,INTARIAN_PEPPER_ROOT,XIRECS,11589.0,4,1,693200
597100,,,INTARIAN_PEPPER_ROOT,XIRECS,11603.0,6,1,697100
599600,,,INTARIAN_PEPPER_ROOT,XIRECS,11606.0,4,1,699600
602300,,,INTARIAN_PEPPER_ROOT,XIRECS,11596.0,3,1,702300
605800,,,INTARIAN_PEPPER_ROOT,XIRECS,11597.0,5,1,705800
607000,,,INTARIAN_PEPPER_ROOT,XIRECS,11603.0,4,1,707000
611100,,,INTARIAN_PEPPER_ROOT,XIRECS,11617.0,5,1,711100
617800,,,INTARIAN_PEPPER_ROOT,XIRECS,11611.0,6,1,717800
620100,,,INTARIAN_PEPPER_ROOT,XIRECS,11614.0,6,1,720100
622100,,,INTARIAN_PEPPER_ROOT,XIRECS,11616.0,7,1,722100
623600,,,INTARIAN_PEPPER_ROOT,XIRECS,11617.0,3,1,723600
627500,,,INTARIAN_PEPPER_ROOT,XIRECS,11634.0,4,1,727500
628200,,,INTARIAN_PEPPER_ROOT,XIRECS,11622.0,5,1,728200
630300,,,INTARIAN_PEPPER_ROOT,XIRECS,11637.0,4,1,730300
631800,,,INTARIAN_PEPPER_ROOT,XIRECS,11625.0,7,1,731800
636700,,,INTARIAN_PEPPER_ROOT,XIRECS,11643.0,5,1,736700
639300,,,INTARIAN_PEPPER_ROOT,XIRECS,11642.0,6,1,739300
640900,,,INTARIAN_PEPPER_ROOT,XIRECS,11644.0,5,1,740900
641400,,,INTARIAN_PEPPER_ROOT,XIRECS,11648.0,3,1,741400
651200,,,INTARIAN_PEPPER_ROOT,XIRECS,11645.0,7,1,751200
652400,,,INTARIAN_PEPPER_ROOT,XIRECS,11659.0,5,1,752400
655200,,,INTARIAN_PEPPER_ROOT,XIRECS,11649.0,5,1,755200
657600,,,INTARIAN_PEPPER_ROOT,XIRECS,11651.0,5,1,757600
659100,,,INTARIAN_PEPPER_ROOT,XIRECS,11655.0,5,1,759100
663600,,,INTARIAN_PEPPER_ROOT,XIRECS,11657.0,4,1,763600
665000,,,INTARIAN_PEPPER_ROOT,XIRECS,11671.0,7,1,765000
666000,,,INTARIAN_PEPPER_ROOT,XIRECS,11672.0,4,1,766000
668200,,,INTARIAN_PEPPER_ROOT,XIRECS,11662.0,6,1,768200
671000,,,INTARIAN_PEPPER_ROOT,XIRECS,11674.0,6,1,771000
671600,,,INTARIAN_PEPPER_ROOT,XIRECS,11668.0,3,1,771600
679900,,,INTARIAN_PEPPER_ROOT,XIRECS,11689.0,4,1,779900
685900,,,INTARIAN_PEPPER_ROOT,XIRECS,11680.0,5,1,785900
686100,,,INTARIAN_PEPPER_ROOT,XIRECS,11682.0,3,1,786100
689500,,,INTARIAN_PEPPER_ROOT,XIRECS,11683.0,6,1,789500
689700,,,INTARIAN_PEPPER_ROOT,XIRECS,11686.0,4,1,789700
690800,,,INTARIAN_PEPPER_ROOT,XIRECS,11697.0,7,1,790800
695800,,,INTARIAN_PEPPER_ROOT,XIRECS,11689.0,4,1,795800
696400,,,INTARIAN_PEPPER_ROOT,XIRECS,11690.0,5,1,796400
700000,,,INTARIAN_PEPPER_ROOT,XIRECS,11709.0,5,1,800000
704100,,,INTARIAN_PEPPER_ROOT,XIRECS,11700.0,8,1,804100
706500,,,INTARIAN_PEPPER_ROOT,XIRECS,11710.0,6,1,806500
707200,,,INTARIAN_PEPPER_ROOT,XIRECS,11701.0,6,1,807200
709600,,,INTARIAN_PEPPER_ROOT,XIRECS,11706.0,5,1,809600
709800,,,INTARIAN_PEPPER_ROOT,XIRECS,11706.0,6,1,809800
716700,,,INTARIAN_PEPPER_ROOT,XIRECS,11723.0,5,1,816700
719200,,,INTARIAN_PEPPER_ROOT,XIRECS,11713.0,3,1,819200
721400,,,INTARIAN_PEPPER_ROOT,XIRECS,11715.0,3,1,821400
727600,,,INTARIAN_PEPPER_ROOT,XIRECS,11724.0,3,1,827600
728300,,,INTARIAN_PEPPER_ROOT,XIRECS,11731.0,6,1,828300
730200,,,INTARIAN_PEPPER_ROOT,XIRECS,11721.0,7,1,830200
732700,,,INTARIAN_PEPPER_ROOT,XIRECS,11726.0,6,1,832700
734100,,,INTARIAN_PEPPER_ROOT,XIRECS,11728.0,3,1,834100
736500,,,INTARIAN_PEPPER_ROOT,XIRECS,11730.0,4,1,836500
747600,,,INTARIAN_PEPPER_ROOT,XIRECS,11741.0,4,1,847600
748900,,,INTARIAN_PEPPER_ROOT,XIRECS,11755.0,3,1,848900
750300,,,INTARIAN_PEPPER_ROOT,XIRECS,11757.0,6,1,850300
754300,,,INTARIAN_PEPPER_ROOT,XIRECS,11748.0,3,1,854300
757000,,,INTARIAN_PEPPER_ROOT,XIRECS,11751.0,4,1,857000
757600,,,INTARIAN_PEPPER_ROOT,XIRECS,11767.0,3,1,857600
758400,,,INTARIAN_PEPPER_ROOT,XIRECS,11765.0,3,1,858400
760500,,,INTARIAN_PEPPER_ROOT,XIRECS,11767.0,3,1,860500
760600,,,INTARIAN_PEPPER_ROOT,XIRECS,11757.0,3,1,860600
763700,,,INTARIAN_PEPPER_ROOT,XIRECS,11770.0,3,1,863700
770100,,,INTARIAN_PEPPER_ROOT,XIRECS,11764.0,6,1,870100
772500,,,INTARIAN_PEPPER_ROOT,XIRECS,11766.0,5,1,872500
772900,,,INTARIAN_PEPPER_ROOT,XIRECS,11767.0,4,1,872900
775000,,,INTARIAN_PEPPER_ROOT,XIRECS,11766.0,3,1,875000
775200,,,INTARIAN_PEPPER_ROOT,XIRECS,11769.0,7,1,875200
778000,,,INTARIAN_PEPPER_ROOT,XIRECS,11780.0,6,1,878000
778200,,,INTARIAN_PEPPER_ROOT,XIRECS,11772.0,6,1,878200
780700,,,INTARIAN_PEPPER_ROOT,XIRECS,11777.0,7,1,880700
783500,,,INTARIAN_PEPPER_ROOT,XIRECS,11790.0,6,1,883500
785700,,,INTARIAN_PEPPER_ROOT,XIRECS,11782.0,6,1,885700
791000,,,INTARIAN_PEPPER_ROOT,XIRECS,11787.0,8,1,891000
791600,,,INTARIAN_PEPPER_ROOT,XIRECS,11785.0,4,1,891600
795600,,,INTARIAN_PEPPER_ROOT,XIRECS,11802.0,5,1,895600
795700,,,INTARIAN_PEPPER_ROOT,XIRECS,11799.0,7,1,895700
805800,,,INTARIAN_PEPPER_ROOT,XIRECS,11799.0,5,1,905800
807000,,,INTARIAN_PEPPER_ROOT,XIRECS,11801.0,4,1,907000
807700,,,INTARIAN_PEPPER_ROOT,XIRECS,11801.0,7,1,907700
816800,,,INTARIAN_PEPPER_ROOT,XIRECS,11823.0,7,1,916800
818000,,,INTARIAN_PEPPER_ROOT,XIRECS,11812.0,6,1,918000
820500,,,INTARIAN_PEPPER_ROOT,XIRECS,11811.0,7,1,920500
823900,,,INTARIAN_PEPPER_ROOT,XIRECS,11817.0,6,1,923900
829300,,,INTARIAN_PEPPER_ROOT,XIRECS,11832.0,6,1,929300
830900,,,INTARIAN_PEPPER_ROOT,XIRECS,11827.0,7,1,930900
832800,,,INTARIAN_PEPPER_ROOT,XIRECS,11826.0,7,1,932800
834800,,,INTARIAN_PEPPER_ROOT,XIRECS,11828.0,5,1,934800
839400,,,INTARIAN_PEPPER_ROOT,XIRECS,11849.0,3,1,939400
846300,,,INTARIAN_PEPPER_ROOT,XIRECS,11840.0,3,1,946300
846600,,,INTARIAN_PEPPER_ROOT,XIRECS,11840.0,5,1,946600
847400,,,INTARIAN_PEPPER_ROOT,XIRECS,11843.0,7,1,947400
851900,,,INTARIAN_PEPPER_ROOT,XIRECS,11848.0,4,1,951900
856800,,,INTARIAN_PEPPER_ROOT,XIRECS,11853.0,8,1,956800
859800,,,INTARIAN_PEPPER_ROOT,XIRECS,11863.0,4,1,959800
862300,,,INTARIAN_PEPPER_ROOT,XIRECS,11869.0,5,1,962300
865100,,,INTARIAN_PEPPER_ROOT,XIRECS,11859.0,5,1,965100
865600,,,INTARIAN_PEPPER_ROOT,XIRECS,11869.0,8,1,965600
866000,,,INTARIAN_PEPPER_ROOT,XIRECS,11860.0,6,1,966000
869500,,,INTARIAN_PEPPER_ROOT,XIRECS,11876.0,7,1,969500
870000,,,INTARIAN_PEPPER_ROOT,XIRECS,11876.0,6,1,970000
870300,,,INTARIAN_PEPPER_ROOT,XIRECS,11864.0,6,1,970300
870700,,,INTARIAN_PEPPER_ROOT,XIRECS,11877.0,6,1,970700
881400,,,INTARIAN_PEPPER_ROOT,XIRECS,11875.0,6,1,981400
881500,,,INTARIAN_PEPPER_ROOT,XIRECS,11888.0,4,1,981500
886200,,,INTARIAN_PEPPER_ROOT,XIRECS,11893.0,7,1,986200
893300,,,INTARIAN_PEPPER_ROOT,XIRECS,11896.0,5,1,993300
896500,,,INTARIAN_PEPPER_ROOT,XIRECS,11900.0,3,1,996500
897900,,,INTARIAN_PEPPER_ROOT,XIRECS,11901.0,5,1,997900
901200,,,INTARIAN_PEPPER_ROOT,XIRECS,11904.0,4,1,1001200
905100,,,INTARIAN_PEPPER_ROOT,XIRECS,11912.0,6,1,1005100
912400,,,INTARIAN_PEPPER_ROOT,XIRECS,11906.0,7,1,1012400
913600,,,INTARIAN_PEPPER_ROOT,XIRECS,11910.0,6,1,1013600
918300,,,INTARIAN_PEPPER_ROOT,XIRECS,11921.0,3,1,1018300
918900,,,INTARIAN_PEPPER_ROOT,XIRECS,11925.0,3,1,1018900
928500,,,INTARIAN_PEPPER_ROOT,XIRECS,11935.0,3,1,1028500
933200,,,INTARIAN_PEPPER_ROOT,XIRECS,11924.0,3,1,1033200
938200,,,INTARIAN_PEPPER_ROOT,XIRECS,11934.0,3,1,1038200
941600,,,INTARIAN_PEPPER_ROOT,XIRECS,11935.0,5,1,1041600
944100,,,INTARIAN_PEPPER_ROOT,XIRECS,11951.0,3,1,1044100
944400,,,INTARIAN_PEPPER_ROOT,XIRECS,11954.0,7,1,1044400
945800,,,INTARIAN_PEPPER_ROOT,XIRECS,11949.0,3,1,1045800
947600,,,INTARIAN_PEPPER_ROOT,XIRECS,11941.0,7,1,1047600
949400,,,INTARIAN_PEPPER_ROOT,XIRECS,11945.0,6,1,1049400
951800,,,INTARIAN_PEPPER_ROOT,XIRECS,11961.0,6,1,1051800
952100,,,INTARIAN_PEPPER_ROOT,XIRECS,11946.0,4,1,1052100
958000,,,INTARIAN_PEPPER_ROOT,XIRECS,11964.0,3,1,1058000
963100,,,INTARIAN_PEPPER_ROOT,XIRECS,11966.0,5,1,1063100
965400,,,INTARIAN_PEPPER_ROOT,XIRECS,11959.0,5,1,1065400
968200,,,INTARIAN_PEPPER_ROOT,XIRECS,11962.0,7,1,1068200
974400,,,INTARIAN_PEPPER_ROOT,XIRECS,11977.0,5,1,1074400
976100,,,INTARIAN_PEPPER_ROOT,XIRECS,11970.0,3,1,1076100
976700,,,INTARIAN_PEPPER_ROOT,XIRECS,11970.0,6,1,1076700
984400,,,INTARIAN_PEPPER_ROOT,XIRECS,11991.0,3,1,1084400
985200,,,INTARIAN_PEPPER_ROOT,XIRECS,11992.0,5,1,1085200
991300,,,INTARIAN_PEPPER_ROOT,XIRECS,11985.0,7,1,1091300
991500,,,INTARIAN_PEPPER_ROOT,XIRECS,12001.0,6,1,1091500
995200,,,INTARIAN_PEPPER_ROOT,XIRECS,11989.0,4,1,1095200
998300,,,INTARIAN_PEPPER_ROOT,XIRECS,12005.0,6,1,1098300
1000,,,INTARIAN_PEPPER_ROOT,XIRECS,9995.0,7,2,201000
4000,,,INTARIAN_PEPPER_ROOT,XIRECS,10007.0,7,2,204000
10500,,,INTARIAN_PEPPER_ROOT,XIRECS,10013.0,5,2,210500
12600,,,INTARIAN_PEPPER_ROOT,XIRECS,10018.0,3,2,212600
15000,,,INTARIAN_PEPPER_ROOT,XIRECS,10021.0,7,2,215000
15600,,,INTARIAN_PEPPER_ROOT,XIRECS,10021.0,3,2,215600
20200,,,INTARIAN_PEPPER_ROOT,XIRECS,10026.0,6,2,220200
21500,,,INTARIAN_PEPPER_ROOT,XIRECS,10027.0,4,2,221500
22600,,,INTARIAN_PEPPER_ROOT,XIRECS,10019.0,3,2,222600
22600,,,INTARIAN_PEPPER_ROOT,XIRECS,10019.0,4,2,222600
28200,,,INTARIAN_PEPPER_ROOT,XIRECS,10034.0,6,2,228200
29300,,,INTARIAN_PEPPER_ROOT,XIRECS,10021.0,6,2,229300
29400,,,INTARIAN_PEPPER_ROOT,XIRECS,10035.0,7,2,229400
32800,,,INTARIAN_PEPPER_ROOT,XIRECS,10038.0,3,2,232800
35200,,,INTARIAN_PEPPER_ROOT,XIRECS,10032.0,5,2,235200
37900,,,INTARIAN_PEPPER_ROOT,XIRECS,10040.0,4,2,237900
38600,,,INTARIAN_PEPPER_ROOT,XIRECS,10033.0,6,2,238600
42500,,,INTARIAN_PEPPER_ROOT,XIRECS,10037.0,3,2,242500
45900,,,INTARIAN_PEPPER_ROOT,XIRECS,10038.0,6,2,245900
46400,,,INTARIAN_PEPPER_ROOT,XIRECS,10049.0,4,2,246400
52900,,,INTARIAN_PEPPER_ROOT,XIRECS,10049.0,6,2,252900
53000,,,INTARIAN_PEPPER_ROOT,XIRECS,10049.0,6,2,253000
53800,,,INTARIAN_PEPPER_ROOT,XIRECS,10048.0,4,2,253800
55300,,,INTARIAN_PEPPER_ROOT,XIRECS,10052.0,7,2,255300
57200,,,INTARIAN_PEPPER_ROOT,XIRECS,10060.0,8,2,257200
60900,,,INTARIAN_PEPPER_ROOT,XIRECS,10066.0,6,2,260900
61700,,,INTARIAN_PEPPER_ROOT,XIRECS,10064.0,5,2,261700
64800,,,INTARIAN_PEPPER_ROOT,XIRECS,10059.0,7,2,264800
72400,,,INTARIAN_PEPPER_ROOT,XIRECS,10067.0,5,2,272400
73400,,,INTARIAN_PEPPER_ROOT,XIRECS,10079.0,3,2,273400
86600,,,INTARIAN_PEPPER_ROOT,XIRECS,10083.0,3,2,286600
88100,,,INTARIAN_PEPPER_ROOT,XIRECS,10094.0,6,2,288100
89000,,,INTARIAN_PEPPER_ROOT,XIRECS,10095.0,6,2,289000
91200,,,INTARIAN_PEPPER_ROOT,XIRECS,10086.0,5,2,291200
91900,,,INTARIAN_PEPPER_ROOT,XIRECS,10084.0,7,2,291900
98600,,,INTARIAN_PEPPER_ROOT,XIRECS,10101.0,3,2,298600
102000,,,INTARIAN_PEPPER_ROOT,XIRECS,10096.0,7,2,302000
108200,,,INTARIAN_PEPPER_ROOT,XIRECS,10114.0,6,2,308200
114500,,,INTARIAN_PEPPER_ROOT,XIRECS,10120.0,4,2,314500
117700,,,INTARIAN_PEPPER_ROOT,XIRECS,10114.0,8,2,317700
123300,,,INTARIAN_PEPPER_ROOT,XIRECS,10129.0,4,2,323300
129400,,,INTARIAN_PEPPER_ROOT,XIRECS,10132.0,5,2,329400
130000,,,INTARIAN_PEPPER_ROOT,XIRECS,10124.0,4,2,330000
131400,,,INTARIAN_PEPPER_ROOT,XIRECS,10139.0,5,2,331400
134600,,,INTARIAN_PEPPER_ROOT,XIRECS,10129.0,5,2,334600
136200,,,INTARIAN_PEPPER_ROOT,XIRECS,10139.0,7,2,336200
141800,,,INTARIAN_PEPPER_ROOT,XIRECS,10136.0,5,2,341800
144100,,,INTARIAN_PEPPER_ROOT,XIRECS,10136.0,3,2,344100
148600,,,INTARIAN_PEPPER_ROOT,XIRECS,10154.0,7,2,348600
149300,,,INTARIAN_PEPPER_ROOT,XIRECS,10144.0,3,2,349300
155500,,,INTARIAN_PEPPER_ROOT,XIRECS,10152.0,4,2,355500
156300,,,INTARIAN_PEPPER_ROOT,XIRECS,10151.0,3,2,356300
156800,,,INTARIAN_PEPPER_ROOT,XIRECS,10159.0,3,2,356800
159700,,,INTARIAN_PEPPER_ROOT,XIRECS,10156.0,7,2,359700
165400,,,INTARIAN_PEPPER_ROOT,XIRECS,10171.0,4,2,365400
169300,,,INTARIAN_PEPPER_ROOT,XIRECS,10164.0,3,2,369300
175000,,,INTARIAN_PEPPER_ROOT,XIRECS,10181.0,3,2,375000
178600,,,INTARIAN_PEPPER_ROOT,XIRECS,10175.0,4,2,378600
184500,,,INTARIAN_PEPPER_ROOT,XIRECS,10190.0,7,2,384500
184900,,,INTARIAN_PEPPER_ROOT,XIRECS,10177.0,3,2,384900
185600,,,INTARIAN_PEPPER_ROOT,XIRECS,10191.0,5,2,385600
189700,,,INTARIAN_PEPPER_ROOT,XIRECS,10192.0,6,2,389700
190200,,,INTARIAN_PEPPER_ROOT,XIRECS,10196.0,3,2,390200
193900,,,INTARIAN_PEPPER_ROOT,XIRECS,10199.0,6,2,393900
202400,,,INTARIAN_PEPPER_ROOT,XIRECS,10197.0,6,2,402400
203300,,,INTARIAN_PEPPER_ROOT,XIRECS,10198.0,6,2,403300
205000,,,INTARIAN_PEPPER_ROOT,XIRECS,10208.0,7,2,405000
206100,,,INTARIAN_PEPPER_ROOT,XIRECS,10203.0,6,2,406100
206400,,,INTARIAN_PEPPER_ROOT,XIRECS,10203.0,4,2,406400
207300,,,INTARIAN_PEPPER_ROOT,XIRECS,10202.0,5,2,407300
208200,,,INTARIAN_PEPPER_ROOT,XIRECS,10203.0,7,2,408200
208700,,,INTARIAN_PEPPER_ROOT,XIRECS,10203.0,4,2,408700
210300,,,INTARIAN_PEPPER_ROOT,XIRECS,10216.0,5,2,410300
212300,,,INTARIAN_PEPPER_ROOT,XIRECS,10218.0,6,2,412300
218400,,,INTARIAN_PEPPER_ROOT,XIRECS,10213.0,7,2,418400
219700,,,INTARIAN_PEPPER_ROOT,XIRECS,10225.0,3,2,419700
219900,,,INTARIAN_PEPPER_ROOT,XIRECS,10214.0,3,2,419900
221200,,,INTARIAN_PEPPER_ROOT,XIRECS,10218.0,8,2,421200
221600,,,INTARIAN_PEPPER_ROOT,XIRECS,10227.0,6,2,421600
225400,,,INTARIAN_PEPPER_ROOT,XIRECS,10228.0,3,2,425400
226400,,,INTARIAN_PEPPER_ROOT,XIRECS,10232.0,5,2,426400
231300,,,INTARIAN_PEPPER_ROOT,XIRECS,10234.0,7,2,431300
231500,,,INTARIAN_PEPPER_ROOT,XIRECS,10226.0,5,2,431500
231600,,,INTARIAN_PEPPER_ROOT,XIRECS,10237.0,4,2,431600
234600,,,INTARIAN_PEPPER_ROOT,XIRECS,10229.0,5,2,434600
235900,,,INTARIAN_PEPPER_ROOT,XIRECS,10244.0,6,2,435900
241600,,,INTARIAN_PEPPER_ROOT,XIRECS,10247.0,7,2,441600
243300,,,INTARIAN_PEPPER_ROOT,XIRECS,10246.0,4,2,443300
246100,,,INTARIAN_PEPPER_ROOT,XIRECS,10240.0,5,2,446100
248400,,,INTARIAN_PEPPER_ROOT,XIRECS,10257.0,7,2,448400
250000,,,INTARIAN_PEPPER_ROOT,XIRECS,10244.0,5,2,450000
250900,,,INTARIAN_PEPPER_ROOT,XIRECS,10257.0,7,2,450900
253000,,,INTARIAN_PEPPER_ROOT,XIRECS,10249.0,4,2,453000
262700,,,INTARIAN_PEPPER_ROOT,XIRECS,10265.0,3,2,462700
264000,,,INTARIAN_PEPPER_ROOT,XIRECS,10260.0,6,2,464000
265700,,,INTARIAN_PEPPER_ROOT,XIRECS,10274.0,4,2,465700
268700,,,INTARIAN_PEPPER_ROOT,XIRECS,10265.0,5,2,468700
275500,,,INTARIAN_PEPPER_ROOT,XIRECS,10270.0,6,2,475500
282300,,,INTARIAN_PEPPER_ROOT,XIRECS,10277.0,5,2,482300
283000,,,INTARIAN_PEPPER_ROOT,XIRECS,10289.0,5,2,483000
286200,,,INTARIAN_PEPPER_ROOT,XIRECS,10292.0,4,2,486200
288800,,,INTARIAN_PEPPER_ROOT,XIRECS,10283.0,5,2,488800
289000,,,INTARIAN_PEPPER_ROOT,XIRECS,10292.0,5,2,489000
292300,,,INTARIAN_PEPPER_ROOT,XIRECS,10298.0,7,2,492300
295100,,,INTARIAN_PEPPER_ROOT,XIRECS,10292.0,7,2,495100
298900,,,INTARIAN_PEPPER_ROOT,XIRECS,10291.0,3,2,498900
301900,,,INTARIAN_PEPPER_ROOT,XIRECS,10310.0,7,2,501900
311700,,,INTARIAN_PEPPER_ROOT,XIRECS,10317.0,7,2,511700
313600,,,INTARIAN_PEPPER_ROOT,XIRECS,10310.0,4,2,513600
314500,,,INTARIAN_PEPPER_ROOT,XIRECS,10309.0,5,2,514500
314800,,,INTARIAN_PEPPER_ROOT,XIRECS,10311.0,4,2,514800
321000,,,INTARIAN_PEPPER_ROOT,XIRECS,10317.0,6,2,521000
324800,,,INTARIAN_PEPPER_ROOT,XIRECS,10319.0,4,2,524800
326300,,,INTARIAN_PEPPER_ROOT,XIRECS,10321.0,7,2,526300
329100,,,INTARIAN_PEPPER_ROOT,XIRECS,10332.0,6,2,529100
334500,,,INTARIAN_PEPPER_ROOT,XIRECS,10331.0,5,2,534500
336400,,,INTARIAN_PEPPER_ROOT,XIRECS,10342.0,5,2,536400
340200,,,INTARIAN_PEPPER_ROOT,XIRECS,10348.0,3,2,540200
342200,,,INTARIAN_PEPPER_ROOT,XIRECS,10350.0,7,2,542200
344500,,,INTARIAN_PEPPER_ROOT,XIRECS,10339.0,7,2,544500
344500,,,INTARIAN_PEPPER_ROOT,XIRECS,10341.0,8,2,544500
345500,,,INTARIAN_PEPPER_ROOT,XIRECS,10340.0,6,2,545500
346700,,,INTARIAN_PEPPER_ROOT,XIRECS,10338.0,3,2,546700
347100,,,INTARIAN_PEPPER_ROOT,XIRECS,10355.0,7,2,547100
348000,,,INTARIAN_PEPPER_ROOT,XIRECS,10351.0,4,2,548000
349500,,,INTARIAN_PEPPER_ROOT,XIRECS,10344.0,7,2,549500
350200,,,INTARIAN_PEPPER_ROOT,XIRECS,10356.0,5,2,550200
352000,,,INTARIAN_PEPPER_ROOT,XIRECS,10355.0,8,2,552000
357200,,,INTARIAN_PEPPER_ROOT,XIRECS,10352.0,6,2,557200
358100,,,INTARIAN_PEPPER_ROOT,XIRECS,10360.0,7,2,558100
362100,,,INTARIAN_PEPPER_ROOT,XIRECS,10356.0,6,2,562100
363400,,,INTARIAN_PEPPER_ROOT,XIRECS,10358.0,5,2,563400
372700,,,INTARIAN_PEPPER_ROOT,XIRECS,10364.0,3,2,572700
377700,,,INTARIAN_PEPPER_ROOT,XIRECS,10383.0,6,2,577700
382000,,,INTARIAN_PEPPER_ROOT,XIRECS,10388.0,5,2,582000
383600,,,INTARIAN_PEPPER_ROOT,XIRECS,10380.0,3,2,583600
387800,,,INTARIAN_PEPPER_ROOT,XIRECS,10393.0,5,2,587800
388800,,,INTARIAN_PEPPER_ROOT,XIRECS,10383.0,3,2,588800
394900,,,INTARIAN_PEPPER_ROOT,XIRECS,10387.0,7,2,594900
395400,,,INTARIAN_PEPPER_ROOT,XIRECS,10398.0,7,2,595400
396000,,,INTARIAN_PEPPER_ROOT,XIRECS,10390.0,4,2,596000
402600,,,INTARIAN_PEPPER_ROOT,XIRECS,10394.0,3,2,602600
402900,,,INTARIAN_PEPPER_ROOT,XIRECS,10397.0,7,2,602900
403700,,,INTARIAN_PEPPER_ROOT,XIRECS,10395.0,5,2,603700
407200,,,INTARIAN_PEPPER_ROOT,XIRECS,10404.0,7,2,607200
407500,,,INTARIAN_PEPPER_ROOT,XIRECS,10413.0,5,2,607500
410900,,,INTARIAN_PEPPER_ROOT,XIRECS,10417.0,3,2,610900
413000,,,INTARIAN_PEPPER_ROOT,XIRECS,10416.0,3,2,613000
419500,,,INTARIAN_PEPPER_ROOT,XIRECS,10425.0,6,2,619500
430400,,,INTARIAN_PEPPER_ROOT,XIRECS,10422.0,5,2,630400
433200,,,INTARIAN_PEPPER_ROOT,XIRECS,10439.0,7,2,633200
433600,,,INTARIAN_PEPPER_ROOT,XIRECS,10442.0,7,2,633600
434800,,,INTARIAN_PEPPER_ROOT,XIRECS,10441.0,4,2,634800
442400,,,INTARIAN_PEPPER_ROOT,XIRECS,10439.0,8,2,642400
443400,,,INTARIAN_PEPPER_ROOT,XIRECS,10440.0,6,2,643400
457900,,,INTARIAN_PEPPER_ROOT,XIRECS,10452.0,4,2,657900
461000,,,INTARIAN_PEPPER_ROOT,XIRECS,10467.0,5,2,661000
467000,,,INTARIAN_PEPPER_ROOT,XIRECS,10473.0,6,2,667000
468800,,,INTARIAN_PEPPER_ROOT,XIRECS,10463.0,6,2,668800
469100,,,INTARIAN_PEPPER_ROOT,XIRECS,10463.0,3,2,669100
472900,,,INTARIAN_PEPPER_ROOT,XIRECS,10467.0,3,2,672900
473700,,,INTARIAN_PEPPER_ROOT,XIRECS,10468.0,3,2,673700
475500,,,INTARIAN_PEPPER_ROOT,XIRECS,10481.0,7,2,675500
478200,,,INTARIAN_PEPPER_ROOT,XIRECS,10481.0,6,2,678200
481300,,,INTARIAN_PEPPER_ROOT,XIRECS,10490.0,4,2,681300
487400,,,INTARIAN_PEPPER_ROOT,XIRECS,10493.0,6,2,687400
489600,,,INTARIAN_PEPPER_ROOT,XIRECS,10486.0,6,2,689600
501200,,,INTARIAN_PEPPER_ROOT,XIRECS,10507.0,5,2,701200
502300,,,INTARIAN_PEPPER_ROOT,XIRECS,10497.0,3,2,702300
505500,,,INTARIAN_PEPPER_ROOT,XIRECS,10511.0,5,2,705500
507600,,,INTARIAN_PEPPER_ROOT,XIRECS,10513.0,3,2,707600
508100,,,INTARIAN_PEPPER_ROOT,XIRECS,10511.0,6,2,708100
509500,,,INTARIAN_PEPPER_ROOT,XIRECS,10504.0,5,2,709500
511400,,,INTARIAN_PEPPER_ROOT,XIRECS,10508.0,3,2,711400
512000,,,INTARIAN_PEPPER_ROOT,XIRECS,10506.0,3,2,712000
514700,,,INTARIAN_PEPPER_ROOT,XIRECS,10509.0,7,2,714700
520500,,,INTARIAN_PEPPER_ROOT,XIRECS,10515.0,6,2,720500
522200,,,INTARIAN_PEPPER_ROOT,XIRECS,10516.0,6,2,722200
523000,,,INTARIAN_PEPPER_ROOT,XIRECS,10519.0,8,2,723000
526200,,,INTARIAN_PEPPER_ROOT,XIRECS,10523.0,3,2,726200
528000,,,INTARIAN_PEPPER_ROOT,XIRECS,10524.0,4,2,728000
530100,,,INTARIAN_PEPPER_ROOT,XIRECS,10533.0,6,2,730100
533500,,,INTARIAN_PEPPER_ROOT,XIRECS,10528.0,7,2,733500
533800,,,INTARIAN_PEPPER_ROOT,XIRECS,10540.0,6,2,733800
535700,,,INTARIAN_PEPPER_ROOT,XIRECS,10532.0,5,2,735700
537900,,,INTARIAN_PEPPER_ROOT,XIRECS,10540.0,6,2,737900
543000,,,INTARIAN_PEPPER_ROOT,XIRECS,10546.0,7,2,743000
545000,,,INTARIAN_PEPPER_ROOT,XIRECS,10551.0,7,2,745000
546800,,,INTARIAN_PEPPER_ROOT,XIRECS,10553.0,7,2,746800
547100,,,INTARIAN_PEPPER_ROOT,XIRECS,10543.0,5,2,747100
547700,,,INTARIAN_PEPPER_ROOT,XIRECS,10553.0,7,2,747700
550400,,,INTARIAN_PEPPER_ROOT,XIRECS,10559.0,7,2,750400
560900,,,INTARIAN_PEPPER_ROOT,XIRECS,10567.0,7,2,760900
570300,,,INTARIAN_PEPPER_ROOT,XIRECS,10565.0,4,2,770300
571800,,,INTARIAN_PEPPER_ROOT,XIRECS,10574.0,3,2,771800
574400,,,INTARIAN_PEPPER_ROOT,XIRECS,10577.0,6,2,774400
575600,,,INTARIAN_PEPPER_ROOT,XIRECS,10570.0,5,2,775600
583100,,,INTARIAN_PEPPER_ROOT,XIRECS,10589.0,5,2,783100
585300,,,INTARIAN_PEPPER_ROOT,XIRECS,10580.0,7,2,785300
586100,,,INTARIAN_PEPPER_ROOT,XIRECS,10592.0,6,2,786100
586900,,,INTARIAN_PEPPER_ROOT,XIRECS,10581.0,6,2,786900
590600,,,INTARIAN_PEPPER_ROOT,XIRECS,10596.0,5,2,790600
593300,,,INTARIAN_PEPPER_ROOT,XIRECS,10588.0,3,2,793300
597300,,,INTARIAN_PEPPER_ROOT,XIRECS,10603.0,3,2,797300
597600,,,INTARIAN_PEPPER_ROOT,XIRECS,10592.0,4,2,797600
601400,,,INTARIAN_PEPPER_ROOT,XIRECS,10596.0,6,2,801400
601700,,,INTARIAN_PEPPER_ROOT,XIRECS,10610.0,3,2,801700
609200,,,INTARIAN_PEPPER_ROOT,XIRECS,10618.0,3,2,809200
610400,,,INTARIAN_PEPPER_ROOT,XIRECS,10613.0,7,2,810400
611200,,,INTARIAN_PEPPER_ROOT,XIRECS,10608.0,4,2,811200
612600,,,INTARIAN_PEPPER_ROOT,XIRECS,10604.0,5,2,812600
613000,,,INTARIAN_PEPPER_ROOT,XIRECS,10621.0,3,2,813000
613900,,,INTARIAN_PEPPER_ROOT,XIRECS,10620.0,5,2,813900
614900,,,INTARIAN_PEPPER_ROOT,XIRECS,10611.0,5,2,814900
615400,,,INTARIAN_PEPPER_ROOT,XIRECS,10610.0,5,2,815400
625500,,,INTARIAN_PEPPER_ROOT,XIRECS,10631.0,3,2,825500
628300,,,INTARIAN_PEPPER_ROOT,XIRECS,10622.0,5,2,828300
628400,,,INTARIAN_PEPPER_ROOT,XIRECS,10620.0,6,2,828400
628700,,,INTARIAN_PEPPER_ROOT,XIRECS,10631.0,5,2,828700
631400,,,INTARIAN_PEPPER_ROOT,XIRECS,10637.0,4,2,831400
636400,,,INTARIAN_PEPPER_ROOT,XIRECS,10642.0,3,2,836400
639200,,,INTARIAN_PEPPER_ROOT,XIRECS,10631.0,3,2,839200
640500,,,INTARIAN_PEPPER_ROOT,XIRECS,10646.0,7,2,840500
644600,,,INTARIAN_PEPPER_ROOT,XIRECS,10639.0,6,2,844600
648000,,,INTARIAN_PEPPER_ROOT,XIRECS,10654.0,3,2,848000
650300,,,INTARIAN_PEPPER_ROOT,XIRECS,10644.0,7,2,850300
652900,,,INTARIAN_PEPPER_ROOT,XIRECS,10659.0,3,2,852900
654100,,,INTARIAN_PEPPER_ROOT,XIRECS,10646.0,4,2,854100
654200,,,INTARIAN_PEPPER_ROOT,XIRECS,10660.0,3,2,854200
655500,,,INTARIAN_PEPPER_ROOT,XIRECS,10652.0,6,2,855500
659100,,,INTARIAN_PEPPER_ROOT,XIRECS,10655.0,4,2,859100
662300,,,INTARIAN_PEPPER_ROOT,XIRECS,10668.0,4,2,862300
662600,,,INTARIAN_PEPPER_ROOT,XIRECS,10659.0,3,2,862600
669500,,,INTARIAN_PEPPER_ROOT,XIRECS,10675.0,6,2,869500
671700,,,INTARIAN_PEPPER_ROOT,XIRECS,10666.0,7,2,871700
676600,,,INTARIAN_PEPPER_ROOT,XIRECS,10682.0,3,2,876600
681300,,,INTARIAN_PEPPER_ROOT,XIRECS,10679.0,7,2,881300
687800,,,INTARIAN_PEPPER_ROOT,XIRECS,10691.0,5,2,887800
688100,,,INTARIAN_PEPPER_ROOT,XIRECS,10697.0,3,2,888100
693200,,,INTARIAN_PEPPER_ROOT,XIRECS,10689.0,5,2,893200
698300,,,INTARIAN_PEPPER_ROOT,XIRECS,10704.0,3,2,898300
701400,,,INTARIAN_PEPPER_ROOT,XIRECS,10707.0,3,2,901400
703900,,,INTARIAN_PEPPER_ROOT,XIRECS,10698.0,3,2,903900
709300,,,INTARIAN_PEPPER_ROOT,XIRECS,10715.0,5,2,909300
711700,,,INTARIAN_PEPPER_ROOT,XIRECS,10706.0,7,2,911700
713000,,,INTARIAN_PEPPER_ROOT,XIRECS,10719.0,6,2,913000
718100,,,INTARIAN_PEPPER_ROOT,XIRECS,10712.0,3,2,918100
719800,,,INTARIAN_PEPPER_ROOT,XIRECS,10714.0,7,2,919800
721900,,,INTARIAN_PEPPER_ROOT,XIRECS,10716.0,6,2,921900
724100,,,INTARIAN_PEPPER_ROOT,XIRECS,10720.0,8,2,924100
727600,,,INTARIAN_PEPPER_ROOT,XIRECS,10733.0,6,2,927600
728900,,,INTARIAN_PEPPER_ROOT,XIRECS,10735.0,4,2,928900
738200,,,INTARIAN_PEPPER_ROOT,XIRECS,10732.0,5,2,938200
742500,,,INTARIAN_PEPPER_ROOT,XIRECS,10737.0,4,2,942500
742800,,,INTARIAN_PEPPER_ROOT,XIRECS,10749.0,3,2,942800
745000,,,INTARIAN_PEPPER_ROOT,XIRECS,10739.0,3,2,945000
747000,,,INTARIAN_PEPPER_ROOT,XIRECS,10753.0,3,2,947000
748600,,,INTARIAN_PEPPER_ROOT,XIRECS,10743.0,4,2,948600
749100,,,INTARIAN_PEPPER_ROOT,XIRECS,10743.0,6,2,949100
750500,,,INTARIAN_PEPPER_ROOT,XIRECS,10747.0,3,2,950500
756600,,,INTARIAN_PEPPER_ROOT,XIRECS,10762.0,5,2,956600
759800,,,INTARIAN_PEPPER_ROOT,XIRECS,10763.0,5,2,959800
765600,,,INTARIAN_PEPPER_ROOT,XIRECS,10768.0,4,2,965600
767800,,,INTARIAN_PEPPER_ROOT,XIRECS,10762.0,6,2,967800
771000,,,INTARIAN_PEPPER_ROOT,XIRECS,10767.0,8,2,971000
771100,,,INTARIAN_PEPPER_ROOT,XIRECS,10774.0,6,2,971100
777000,,,INTARIAN_PEPPER_ROOT,XIRECS,10771.0,6,2,977000
778300,,,INTARIAN_PEPPER_ROOT,XIRECS,10784.0,6,2,978300
782000,,,INTARIAN_PEPPER_ROOT,XIRECS,10788.0,3,2,982000
783900,,,INTARIAN_PEPPER_ROOT,XIRECS,10778.0,3,2,983900
784100,,,INTARIAN_PEPPER_ROOT,XIRECS,10786.0,4,2,984100
787900,,,INTARIAN_PEPPER_ROOT,XIRECS,10794.0,5,2,987900
789700,,,INTARIAN_PEPPER_ROOT,XIRECS,10796.0,6,2,989700
790600,,,INTARIAN_PEPPER_ROOT,XIRECS,10787.0,4,2,990600
794200,,,INTARIAN_PEPPER_ROOT,XIRECS,10788.0,5,2,994200
794700,,,INTARIAN_PEPPER_ROOT,XIRECS,10791.0,4,2,994700
795300,,,INTARIAN_PEPPER_ROOT,XIRECS,10798.0,7,2,995300
795500,,,INTARIAN_PEPPER_ROOT,XIRECS,10787.0,4,2,995500
795900,,,INTARIAN_PEPPER_ROOT,XIRECS,10790.0,3,2,995900
796600,,,INTARIAN_PEPPER_ROOT,XIRECS,10793.0,6,2,996600
797900,,,INTARIAN_PEPPER_ROOT,XIRECS,10806.0,6,2,997900
800000,,,INTARIAN_PEPPER_ROOT,XIRECS,10794.0,4,2,1000000
801600,,,INTARIAN_PEPPER_ROOT,XIRECS,10796.0,5,2,1001600
804600,,,INTARIAN_PEPPER_ROOT,XIRECS,10811.0,5,2,1004600
809500,,,INTARIAN_PEPPER_ROOT,XIRECS,10815.0,7,2,1009500
811000,,,INTARIAN_PEPPER_ROOT,XIRECS,10814.0,3,2,1011000
822000,,,INTARIAN_PEPPER_ROOT,XIRECS,10813.0,3,2,1022000
826500,,,INTARIAN_PEPPER_ROOT,XIRECS,10821.0,7,2,1026500
832500,,,INTARIAN_PEPPER_ROOT,XIRECS,10838.0,3,2,1032500
835400,,,INTARIAN_PEPPER_ROOT,XIRECS,10829.0,3,2,1035400
839600,,,INTARIAN_PEPPER_ROOT,XIRECS,10846.0,5,2,1039600
840000,,,INTARIAN_PEPPER_ROOT,XIRECS,10834.0,6,2,1040000
840200,,,INTARIAN_PEPPER_ROOT,XIRECS,10846.0,4,2,1040200
840600,,,INTARIAN_PEPPER_ROOT,XIRECS,10835.0,6,2,1040600
841200,,,INTARIAN_PEPPER_ROOT,XIRECS,10850.0,4,2,1041200
841700,,,INTARIAN_PEPPER_ROOT,XIRECS,10848.0,7,2,1041700
844700,,,INTARIAN_PEPPER_ROOT,XIRECS,10839.0,6,2,1044700
845800,,,INTARIAN_PEPPER_ROOT,XIRECS,10837.0,4,2,1045800
851800,,,INTARIAN_PEPPER_ROOT,XIRECS,10860.0,4,2,1051800
864600,,,INTARIAN_PEPPER_ROOT,XIRECS,10859.0,5,2,1064600
868000,,,INTARIAN_PEPPER_ROOT,XIRECS,10864.0,3,2,1068000
868500,,,INTARIAN_PEPPER_ROOT,XIRECS,10866.0,6,2,1068500
869200,,,INTARIAN_PEPPER_ROOT,XIRECS,10878.0,4,2,1069200
870000,,,INTARIAN_PEPPER_ROOT,XIRECS,10866.0,5,2,1070000
875400,,,INTARIAN_PEPPER_ROOT,XIRECS,10881.0,6,2,1075400
883900,,,INTARIAN_PEPPER_ROOT,XIRECS,10875.0,5,2,1083900
888900,,,INTARIAN_PEPPER_ROOT,XIRECS,10895.0,3,2,1088900
893700,,,INTARIAN_PEPPER_ROOT,XIRECS,10900.0,5,2,1093700
894100,,,INTARIAN_PEPPER_ROOT,XIRECS,10900.0,6,2,1094100
896800,,,INTARIAN_PEPPER_ROOT,XIRECS,10891.0,3,2,1096800
899300,,,INTARIAN_PEPPER_ROOT,XIRECS,10905.0,3,2,1099300
901000,,,INTARIAN_PEPPER_ROOT,XIRECS,10904.0,7,2,1101000
903300,,,INTARIAN_PEPPER_ROOT,XIRECS,10895.0,6,2,1103300
904100,,,INTARIAN_PEPPER_ROOT,XIRECS,10910.0,5,2,1104100
905100,,,INTARIAN_PEPPER_ROOT,XIRECS,10899.0,3,2,1105100
905700,,,INTARIAN_PEPPER_ROOT,XIRECS,10900.0,7,2,1105700
907500,,,INTARIAN_PEPPER_ROOT,XIRECS,10913.0,4,2,1107500
910200,,,INTARIAN_PEPPER_ROOT,XIRECS,10906.0,6,2,1110200
911400,,,INTARIAN_PEPPER_ROOT,XIRECS,10908.0,6,2,1111400
912900,,,INTARIAN_PEPPER_ROOT,XIRECS,10916.0,8,2,1112900
914800,,,INTARIAN_PEPPER_ROOT,XIRECS,10918.0,4,2,1114800
915400,,,INTARIAN_PEPPER_ROOT,XIRECS,10907.0,5,2,1115400
923900,,,INTARIAN_PEPPER_ROOT,XIRECS,10930.0,7,2,1123900
924300,,,INTARIAN_PEPPER_ROOT,XIRECS,10918.0,6,2,1124300
929200,,,INTARIAN_PEPPER_ROOT,XIRECS,10923.0,5,2,1129200
932300,,,INTARIAN_PEPPER_ROOT,XIRECS,10926.0,3,2,1132300
934000,,,INTARIAN_PEPPER_ROOT,XIRECS,10928.0,5,2,1134000
938000,,,INTARIAN_PEPPER_ROOT,XIRECS,10941.0,4,2,1138000
941700,,,INTARIAN_PEPPER_ROOT,XIRECS,10948.0,6,2,1141700
942600,,,INTARIAN_PEPPER_ROOT,XIRECS,10937.0,6,2,1142600
944100,,,INTARIAN_PEPPER_ROOT,XIRECS,10947.0,6,2,1144100
947900,,,INTARIAN_PEPPER_ROOT,XIRECS,10942.0,3,2,1147900
957200,,,INTARIAN_PEPPER_ROOT,XIRECS,10951.0,7,2,1157200
957300,,,INTARIAN_PEPPER_ROOT,XIRECS,10951.0,3,2,1157300
957500,,,INTARIAN_PEPPER_ROOT,XIRECS,10952.0,7,2,1157500
965400,,,INTARIAN_PEPPER_ROOT,XIRECS,10971.0,6,2,1165400
965600,,,INTARIAN_PEPPER_ROOT,XIRECS,10960.0,5,2,1165600
965900,,,INTARIAN_PEPPER_ROOT,XIRECS,10972.0,3,2,1165900
973900,,,INTARIAN_PEPPER_ROOT,XIRECS,10980.0,6,2,1173900
981900,,,INTARIAN_PEPPER_ROOT,XIRECS,10985.0,3,2,1181900
982600,,,INTARIAN_PEPPER_ROOT,XIRECS,10974.0,7,2,1182600
985200,,,INTARIAN_PEPPER_ROOT,XIRECS,10994.0,4,2,1185200
989100,,,INTARIAN_PEPPER_ROOT,XIRECS,10980.0,6,2,1189100
997500,,,INTARIAN_PEPPER_ROOT,XIRECS,10992.0,7,2,1197500
